2820 4895
220 188 227 212 ⁴
788 230 921 320 AI)
982 220 1530 335 'EPHEsloS
1604 208 1782 324 Cin:x
1814 257 1908 320 La
2159 264 2164 265 ’
2408 252 2526 318 11’

181 422 423 494 perient.
497 421 669 475 Beati
707 429 945 490 autem,
996 424 1132 494 qui,
1169 425 1561 493 Evangelium
1598 422 1887 493 amplexi,
1924 423 1985 476 in
2027 437 2098 475 eo
2141 429 2488 476 constanter

180 503 453 548 manent:
495 508 672 560 quum
701 491 945 546 indubia
970 497 1043 546 sit
1071 495 1285 548 veritas
1316 506 1377 545 et
1401 496 1537 550 vita.
2185 524 2190 527 -

316 563 402 621 13.
474 562 553 614 1η
577 580 685 628 quo
714 563 894 615 etiam
909 604 923 631 ,
967 573 1277 647 postquam
1306 565 1641 618 credidistis.
1714 562 1992 615 Probatio
2035 560 2197 613 iuius
2237 559 2482 613 certitu·
2527 598 2530 601 -

181 632 326 683 dinis
358 648 538 700 quam
553 632 872 699 Evangelio
905 633 1213 686 tribuerat.
1259 648 1374 705 quo
1404 635 1560 686 enim
1593 634 1778 702 magis
1804 632 2011 685 idoneo
2035 646 2315 701 sponsore
2343 646 2486 683 con·

177 701 405 754 firmari
445 709 670 770 potest,
709 718 887 770 quam
915 703 1135 771 Spiritu
1171 702 1417 754 sancto?
1462 701 1710 772 perinde
1750 719 1886 772 ergo
1914 701 2068 754 valet
2094 700 2210 753 hoc
2238 701 2359 754 acsi
2391 699 2480 753 di·

180 774 385 824 xisset:
434 771 607 840 Quod
625 772 1006 841 Evangelium
1039 775 1365 841 nuncupavi
1394 775 1740 826 Sermonem
1770 772 2063 837 veritatis,
2102 771 2163 825 id
2190 786 2310 824 non
2341 787 2480 841 pro-

179 842 320 894 babo
368 841 538 893 vobis
583 841 883 894 hominnm
922 846 1303 894 auctoritate:
1357 845 1494 913 quia
1534 851 1830 895 auctorem
1871 842 2326 910 habetis-ipsum
2365 841 2481 896 Dei

183 912 497 980 Spiritum,
554 912 654 980 qui
696 911 817 971 eius
855 913 1033 965 fidem
1066 914 1139 965 in
1182 912 1457 966 cordihus
1515 915 1717 965 vestris
1767 913 2051 982 obsignat.
2123 912 2229 965 Est
2247 919 2480 965 “autem

187 983 786 1052 elegans‘similitudo
829 998 869 1034 a*
904 983 1110 1052 sigillis
1149 993 1415 1051 sumptas,
1471 984 1681 1053 quibus
1713 983 1871 1035 inter
1924 982 2194 1035 homines
2247 980 2482 1034 tollitur

199 1052 549 1121 ambiguitas,
625 1052 845 1120 Sigillis
888 1056 1045 1105 enim
1086 1053 1421 1105 authentica
1458 1055 1782 1106 redduntur
1804 1062 1924 1105 tam
1955 1053 2275 1122 diplomata
2302 1068 2478 1123 quam

200 1132 551 1174 testamenta.
606 1123 853 1192 sigillum
883 1140 1111 1195 quoque
1139 1125 1279 1178 olim
1308 1125 1367 1174 in
1394 1126 1584 1177 literis
1614 1124 1930 1193 praecipua
1955 1133 2097 1175 nota
2124 1132 2282 1189 erat,
2320 1124 2476 1176 unde

196 1201 655 1262 agnoscerentur.
720 1192 967 1263 denique
1004 1195 1258 1263 sigillum
1299 1203 1386 1245 est
1430 1195 1582 1265 quod
1625 1196 1878 1264 genuina
1920 1201 1979 1246 et
2007 1201 2171 1245 certa
2206 1193 2282 1244 ab
2303 1193 2477 1246 adul-

192 1265 371 1315 terinis
406 1274 481 1331 etv·
498 1265 879 1332 supposititiis
909 1265 1205 1319 discernit.
1245 1262 1405 1316 'Hoc
1443 1265 1710 1317 officium
1745 1264 1984 1333 Spiritui
2014 1273 2219 1316 sancto
2262 1264 2476 1317 tribuit

185 1334 423 1395 Paulus,
473 1336 593 1384 non
644 1332 740 1385 hic
781 1345 1047 1400 tantum,
1097 1336 1198 1387 sed
1255 1335 1416 1387 infra
1459 1335 1638 1391 etiam
1680 1344 1885 1403 quarto
1917 1336 2141 1402 capitet
2189 1333 2371 1388 sicuti
2413 1342 2475 1386 et

182 1406 258 1456 11.
283 1402 553 1459 Corinth.
595 1420 720 1477 epp.
759 1408 811 1471 l,
840 1407 926 1458 22.
1003 1408 1204 1476 Neque
1246 1406 1401 1457 enim
1446 1410 1511 1458 ea
1552 1406 1722 1459 nobis
1766 1396 1964 1458 ειηίιιιῖ
1988 1404 2289 1469 firmitudo
2327 1419 2474 1456 con...

187 1482 326 1539 stat,
376 1482 444 1525 ut
472 1474 684 1524 veritas
703 1477 809 1527 Dei
839 1476 1106 1529 adversus
1132 1493 1331 1529 omnes
1349 1478 1597 1529 Satanae
1625 1478 1974 1529 tentationes
1997 1475 2150 1543 apud
2175 1490 2286 1526 nos
2299 1491 2474 1545 prae·

185 1544 409 1611 valeat,
464 1546 650 1596 donec
676 1546 920 1612 Spiritus
963 1548 1191 1600 sanctus
1234 1549 1307 1599 in·
1338 1564 1552 1613 ea-n,os
1589 1546 2047 1599 confirmaverit.
2124 1547 2274 1598 Vera
2289 1546 2475 1615 igitur

182 1613 509 1683 persuasi0,
546 1630 718 1684 quam
753 1616 822 1667 de
863 1618 1033 1671 verbo
1063 1618 1209 1684 Dei,
1253 1618 1324 1668 de
1361 1617 1547 1669 salute
1592 1634 1724 1682 sua,
1782 1616 2006 1669 deftota
2039 1615 2328 1684 religione
2358 1615 2472 1667 ha-

182 1685 321 1737 bent
355 1685 590 1746 fideles,
646 1701 762 1737 non
801 1697 887 1737 est
932 1704 997 1738 ex
1043 1703 1212 1740 sensu
1244 1691 1480 1753 carnis,
1514 1704 1634 1740 non
1677 1704 1746 1740 ex
1779 1686 2046 1739 humanis
2075 1695 2178 1738 aut
2207 1686 2474 1755 philoso-

182 1754 365 1823 phi'cis
391 1755 749 1822 rationibus,
789 1757 888 1808 sed
921 1774 992 1809 ex
1018 1758 1264 1826 Spiritus
1293 1758 1700 1827 obsignatione
1719 1795 1734 1823 ,
1775 1758 1871 1828 qui
1896 1757 2135 1809 illorum
2163 1756 2473 1809 conscien-

182 1825 293 1877 tias
332 1825 418 1879 ita
449 1824 642 1877 reddit
679 1830 994 1895 certiores,
1034 1838 1097 1880 ut
1142 1828 1567 1881 dubitationem
1598 1845 1827 1880 omnem
1860 1829 2094 1879 eximat.
2172 1827 2470 1883 Caducum

122 1936 129 1945 .
184 1897 337 1946 enim
385 1912 458 1948 ac
499 1896 773 1948 instabile
816 1909 965 1951 esset
986 1898 1137 1950 „fidei
1176 1900 1656 1964 fundamentum,
1707 1901 1755 1950 si
1795 1900 1856 1950 in
1894 1898 2149 1950 humana
2182 1888 2474 1967 sapientia.

183 1964 444 2019 locatum
486 1975 658 2019 esset.
714 1984 850 2035 ergo
891 1970 1065 2021 sicuti
1104 1970 1467 2047 praedicatio
1521 1972 1968 2022 instrumentum
2023 1979 2110 2020 est
2159 1966 2331 2036 fidei,
2385 1967 2471 2020 ita

186 2035 432 2103 Spiritus
464 2047 704 2087 sanctus
746 2038 925 2104 facit,
976 2050 1041 2092 ut
1079 2040 1449 2108 ,praedicatio
1500 2042 1597 2093 sit.
1628 2039 1859 2093 efficax.
1943 2038 2055 2091 Sed
2097 2036 2328 2099 videtur
2370 2038 2471 2090 hic
2505 2092 2510 2099 ,
2569 2076 2590 2089 .

187 2106 431 2174 Spiritus
461 2106 965 2175 obsignationem,
1014 2109 1150 2163 fidei
1194 2112 1517 2164 subiicere:
1558 2113 1712 2181 quod
1745 2110 1793 2161 si
1815 2125 2011 2161 verum
2041 2117 2158 2171 est,
2209 2108 2353 2161 fides
2396 2108 2470 2163 il-

186 2175 299 2227 lam
337 2177 656 2259 praecedit.
732 2179 1111 2248 Respondeo,
1149 2180 1440 2250 duplicem
1483 2198 1602 2234 esse
1644 2181 1920 2233 effectum
1949 2179 2195 2249 Spiritus
2237 2176 2465 2246 in‘fide,

186 2247 356 2298 sicuti
386 2247 533 2298 fides
565 2247 788 2300 duabus
813 2252 1122 2319 praecipue
1146 2254 1400 2319 partibus
1444 2248 1797 2305 continetur.
1853 2266 1990 2301 uam
2032 2259 2088 2301 et
2128 2259 2353 2313 mentes
2394 2248 2467 2301 il-

185 2315 462 2383 luminat,
501 2329 560 2370 et
603 2318 830 2373 animos
870 2321 1194 2374 confirmat.
1269 2324 1510 2376 Initium
1552 2321 1728 2388 fidei,
1784 2332 1869 2372 est
1908 2320 2469 2372 notium-consum·
2555 2373 2566 2385 .

186 2389 401 2455 matio,
450 2396 544 2438 est
584 2388 702 2440 fixa
741 2399 800 2442 et
836 2392 1055 2444 stabilis
1099 2397 1388 2462 persuasio
1448 2409 1597 2464 quae
1643 2393 1992 2445 contrariam
2048 2388 2468 2445 dubitationem

188 2459 406 2512 nullam
438 2461 733 2515 admittat.
805 2463 1126 2532 Utrumque
1156 2481 1298 2533 opus
1325 2474 1414 2518 est
1438 2464 1684 2531 Spiritus
1704 2502 1720 2529 ,
1754 2472 1820 2516 ut
1857 2463 1994 2515 dixi.
2049 2459 2466 2526 i’roiiidsnou

190 2530 520 2582 mirum.est
539 2567 556 2595 ,
590 2533 638 2582 si
670 2531 823 2583 dicat
849 2534 1058 2588 Paulus
1085 2551 1204 2585 non
1246 2537 1436 2589 solum
1462 2537 1577 2588 fide
1602 2534 1929 2603 percepisse
1959 2530 2238 2606 Ephesios
2269 2533 2467 2604 Eun-3

188 2600 319 2667 gelii
359 2600 692 2670 veritatem,
749 2603 849 2654 sed
894 2605 953 2655 in
993 2624 1060 2657 ea
1101 2606 1278 2657 fuisse
1321 2606 1512 2674 sigillo
1551 2603 1796 2674 Spiritus
1836 2604 2027 2657 sancti
2051 2602 2462 2660 ¹confirmatos.

188 2668 295 2721 hac
336 2671 563 2740 ratione
588 2673 842 2740 appellat
867 2673 1142 2743 Spiritum
1157 2678 1586 2744 promissionis,
1623 2675 1699 2729 ab
1738 2674 1948 2726 effectu
1987 2672 2231 2725 scilicet.
2263 2695 2268 2700 ’
2303 2669 2469 2725 Facit

189 2743 375 2806 enim,
428 2758 502 2792 ne
542 2742 759 2794 frustra
797 2746 964 2796 nobis
1005 2745 1289 2797 offeratur
1325 2746 1526 2798 salutis
1565 2745 1893 2814 promissit).
1949 2761 2088 2795 nam
2126 2742 2279 2794 sicut
2310 2745 2467 2796 Deus

190 2812 362 2862 verbo
390 2828 492 2862 suo
523 2815 816 2880 promittit
854 2832 916 2867 se
958 2815 1125 2867 nobis
1149 2816 1280 2868 fore
1301 2817 1366 2870 in
1390 2818 1663 2871 Patreme
1698 2816 1787 2868 ita
1816 2814 2038 2884 Spiritu
2063 2828 2167 2866 suo
2194 2813 2468 2875 testimos

192 2881 350 2933 nium
375 2883 702 2950 adoptionis
731 2903 869 2937 suae
895 2886 1062 2939 nobis
1088 2887 1296 2939 reddit.
1350 2917 1376 2932 .»

322 2952 403 3003 14.
535 2956 596 3005 ui
616 2964 701 3006 esc
727 2958 992 3009 arrhabo.
1064 2957 1193 3008 Hoc
1232 2973 1464 3028 quoque
1480 2955 1760 3020 ειῃίίεῑιεειο
1799 2955 1889 3007 bis
1912 2952 2099 3006 utitur
2122 2955 2182 3008 in
2211 2951 2468 3003 secund&
2506 2996 2514 3006 .

189 3020 262 3072 ad
291 3022 493 3073 Corint
538 3024 655 3086 ios,
693 3028 884 3093 primo
912 3038 969 3078 et
991 3027 1436 3097 quintoacapite.
1477 3026 1841 3086 ‘Similitudo
1880 3032 2108 3091 sumpta
2144 3030 2231 3074 est
2257 3040 2291 3073 a
2326 3038 2466 3073 con·-

185 3094 500 3156 tractibus‚
549 3094 681 3161 qui,
726 3094 900 3147 arrha
942 3097 1111 3162 data,
1161 3100 1246 3148 sic
1286 3096 1693 3165 stabiliuntur,
1745 3104 1812 3148 ut
1849 3110 1965 3146 non
2008 3094 2261 3162 amplius
2301 3090 2465 3145 locus

188 3161 262 3213 sit
293 3165 700 3231 poenitentiae.
773 3168 895 3233 Ita,
944 3177 1193 3234 accepto<
1225 3166 1336 3221 Dei
1386 3168 1642 3235 Spiritu,
1691 3164 2106 3235 promissiones
2143 3164 2255 3215 Dei
2305 3170 2466 3224 ratas

188 3230 497 3299 habemus,
540 3251 648 3285 nec
676 3236 951 3289 timemus
975 3239 1298 3306 periculum
1326 3236 1792 3289 retractationist
1830 3252 1949 3288 non
1996 3237 2134 3304 quia
2169 3231 2281 3285 Dei
2330 3233 2466 3302 prb·
2529 3301 2532 3304 y

189 3304 495 3356 missiones
522 3321 624 3371 per
648 3322 708 3355 se
732 3307 1002 3360 infirmae
1034 3310 1178 3361 sint:
1222 3309 1321 3360 sed
1349 3308 1518 3377 quia,
1554 3308 1668 3359 nisi
1689 3299 1941 3375 ‘spiritus
1964 3302 2297 3356 testimonio
2339 3303 2461 3355 suf-

187 3372 359 3441 fulti,
410 3392 702 3443 nunquam
742 3381 804 3428 in
845 3378 960 3430 illis
1004 3395 1202 3430 secure
1225 3381 1668 3451 acquiescimus.
1742 3379 1845 3430 Est
1868 3376 2043 3445 igitur
2076 3374 2322 3443 Spiritus
2350 3390 2465 3425 no-

188 3443 281 3494 bis
306 3445 552 3496 arrhabo
579 3445 916 3498 hereditatis
946 3459 1209 3515 nostrae,
1242 3450 1357 3501 hoc
1389 3459 1477 3500 est
1516 3449 1668 3500 vitae
1694 3459 1966 3500 aeternae
2004 3446 2066 3495 in
2090 3443 2463 3513 ‘redemptio-

191 3529 359 3568 nem:
405 3514 516 3566 hoc
557 3525 674 3581 est,
716 3534 1008 3588 quousque
1047 3521 1243 3571 veniat
1277 3521 1398 3571 dies
1426 3520 1635 3587 plenae
1663 3517 2104 3586 redemptionis.
2176 3514 2465 3585 Quhmdiu

194 3583 348 3634 enim
381 3602 575 3637 snmus
612 3586 675 3637 in
714 3589 964 3657 munde,
1017 3592 1158 3659 quia
1195 3592 1302 3642 sub
1346 3607 1449 3657 spe
1487 3590 1833 3651 militamus,
1874 3591 2017 3657 op'us
2046 3583 2322 3636 habemus
2351 3583 2466 3636 hae

195 3653 389 3708 arrha:
429 3656 526 3710 ubi
557 3665 744 3709 autem
769 3660 1054 3727 possessio
1080 3661 1204 3728 ipsa
1232 3661 1485 3714 exhibita
1514 3659 1689 3710 fuerit
1709 3695 1726 3724 ‚
1765 3660 1886 3710 iam
1927 3655 2176 3712 cessabit
2214 3654 2464 3707 necessi-

191 3731 279 3774 tas
318 3735 373 3776 et
417 3742 552 3777 usus
583 3728 809 3782 arrhae.
861 3745 998 3782 nam
1032 3743 1290 3797 ‘eousque
1320 3730 1476 3782 valet
1504 3727 1715 3780 arrhae
1744 3728 2072 3797 symbolum
2092 3761 2109 3789 ‚
2156 3725 2292 3777 dum
2321 3725 2466 3778 utri-

193 3809 304 3861 que
335 3798 691 3848 satisfactum
731 3799 911 3852 fuerit
948 3803 1293 3853 contractui.
1351 3801 1485 3851 ideo
1529 3799 1688 3851 infra
1716 3817 1843 3868 cap.
1862 3800 1916 3864 4,
1945 3798 2017 3851 30
2044 3797 2244 3847 dicet}
2267 3796 2465 3864 Usque

191 3861 258 3913 in
289 3863 436 3917 diem
472 3867 903 3936 redemptionis.
951 3871 1205 3940 lo'quitur
1244 3880 1441 3923 autem
1479 3869 1550 3921 de
1594 3870 1689 3935 die
1725 3869 1950 3922 iudicii.
2021 3868 2170 3919 Nam
2211 3864 2317 3918 etsi
2344 3867 2464 3917 iam

196 3932 405 3988 Christi
434 3939 714 4005 sanguine
743 3940 1030 4008 redempti
1071 3959 1298 4006 sumus,
1339 3940 1594 3994 nondum
1636 3939 2030 3991 tam'enhuius
2057 3935 2464 4004 redemptionis

192 4002 411 4060 fructus
435 4017 650 4063 exstat:
689 4010 828 4079 quia
854 4012 1040 4064 omnis
1071 4024 1336 4065 creatura
1364 4011 1554 4061 adhuc
1580 4009 1948 4078 ingemiscit,
1987 4006 2222 4075 cupient
2264 4023 2297 4055 8
2336 4020 2463 4074 ΘΟΡ

192 4079 449 4142 ruptione
476 4077 677 4133 eximi.
748 4082 867 4132 Nos
895 4083 1192 4153 ctiam‘qui
1226 4082 1513 4151 primitias
1543 4078 2184 4146 Spiritusaccepimus,
2223 4075 2296 4125 ad
2322 4091 2462 4128 ean-

196 4141 321 4197 dem
345 4148 745 4211 liberationem
776 4151 921 4203 votis
949 4152 1402 4221 ferimurz‚q11ia
1434 4150 1691 4201 nondum
1714 4166 1847 4202 eam
1878 4163 2070 4202 sumus
2095 4145 2331 4218 adepti,s
2350 4143 2488 4202 nisiv

194 4230 308 4280 spe.
352 4219 622 4271 fruemur
660 4231 851 4272 autem
892 4239 958 4274 re
994 4224 1149 4293 ipsa,
1193 4237 1371 4294 quum
1399 4220 1660 4272 Christus
1698 4221 1758 4272 in
1788 4214 2460 4288 iudicinmapparuerit·
2513 4253 2519 4266 ι

196 4286 313 4338 Hoc
337 4306 505 4340 sensu
535 4291 876 4343 vocabulum
892 4294 1317 4363 Redemptiom's
1342 4294 1501 4356 ,capit
1517 4290 1726 4343 Paulus
1743 4291 1815 4343 ad
1833 4292 2128 4358 R⁰m⁸¹²⁰⁸
2156 4283 2356 4351 033968,
2375 4283 2461 4337 23.

196 4366 252 4405 et
301 4360 653 4426 Dominus,-
700 4377 878 4430 quum
938 4364 1117 4418 dicit:
1182 4362 1442 4414 Attollive
1477 4359 1698 4427 ‚capita
1752 4369 1996 4423 vestu-a,⁶
2034 4354 2465 4435 appropinquat

193 4429 516 4500 redemptio
564 4437 751 4485 vestra
784 4434 947 4500 (Luc.
972 4436 1063 4501 21,
1082 4435 1257 4499 28.).-
1303 4435 1676 4503 mamimus,
1729 4426 2150 4501 qutm‘Lflfinss
2189 4434 2465 4479 ⁹⁸¹²¹¹¹¹¹²⁸
