2820 4895
363 172 469 271 42'
650 288 651 291 Ν
925 200 1037 268 m
1093 178 1715 303 EvlsToLAE
1772 176 2109 279 PAULJ

365 371 625 425 clausula
650 370 868 424 Psalmi
896 371 1038 423 satis
1064 369 1443 438 demonstrat,
1481 372 1558 425 ad
1584 372 1705 425 eius
1730 368 1979 439 regnum
2003 372 2317 441 pertinere,
2348 387 2496 442 quae
2521 370 2648 425 illic

365 452 673 501 canuntur.
747 441 1117 494 Vaticinium‘
1137 444 1292 495 enim
1327 452 1591 510 apertum
1618 442 1882 496 continet
1906 438 2286 509 dekGentium
2316 442 2645 509 vocatione,

363 521 427 565 ut
453 512 566 563 alia
590 521 838 564 taceam.
864 530 867 535 ·
977 512 1056 565 In
1075 513 1380 580 inferiores·
1397 523 1616 577 partes.
1681 513 1810 564 Hoc
1835 530 1971 564 vero
1997 515 2187 581 inepte
2216 522 2486 586 torquent
2517 513 2648 581 qui-

365 585 505 635 dam
542 583 631 649 vel
672 576 746 633 ad
783 563 1040 653 lymbum
1061 618 1078 645 ,
1130 581 1218 631 vel
1250 583 1322 633 ad
1352 582 1598 649 inferos,
1649 599 1826 653 quum
1859 584 1928 635 de
1954 585 2273 652 praesentis
2291 576 2536 635 'tantum
2563 582 2649 634 vi-

361 666 462 705 tae
496 653 828 705 conditione
857 662 994 719 agat
1019 651 1248 704 Paulus.
1322 653 1395 704 Et
1432 662 1870 721 argumentum,
1917 655 2069 725 quod
2102 663 2333 707 sumunt
2362 671 2438 705 ex.
2457 653 2648 722 gradu

295 768 299 772 .
365 725 793 793 comparativo,
852 724 1027 774 nimis
1071 721 1367 781 infirmum
1410 733 1514 777 est.
1586 732 1953 792 comparatur
1993 725 2150 777 enim
2189 742 2308 777 non
2348 739 2464 776 una
2506 739 2648 791 para

361 804 558 847 terrae
595 811 726 845 cum
757 795 973 857 altera,
1024 793 1126 844 sed
1164 802 1286 844 tota
1320 802 1480 844 terra
1518 809 1650 845 cum
1679 793 1888 847 coelo:
1944 810 2014 846 ac
2042 794 2092 846 si
2119 794 2374 861 diceret,
2408 810 2477 846 ex
2505 792 2647 846 sede

360 868 483 921 tam
508 865 728 917 excelsa
765 867 826 917 in
855 864 966 915 hoc
996 873 1258 916 nostrum
1285 864 1641 931 profundum
1670 864 2003 921 barathrum
2034 866 2415 919 descendisse.

504 940 587 989 10.
620 988 627 995 ,
657 939 844 1013 Super
869 953 1066 989 omnes
1096 937 1296 986 coelos.
1381 934 1628 987 Perinde
1665 946 1750 987 est
1788 952 1858 986 ac
1882 934 1930 986 si
1966 936 2216 988 diceret:
2266 944 2428 988 extra
2469 950 2648 984 mun·

363 1005 504 1059 dum
543 1006 701 1058 hunc
746 1016 1022 1069 creatum.
1110 1006 1259 1056 Nam
1291 1021 1466 1072 quum
1496 1006 1705 1058 dicitur
1740 1007 2003 1058 Christus
2028 1008 2090 1058 in
2121 1007 2282 1058 coelo
2313 1022 2469 1071 esse,
2518 1020 2649 1056 non

361 1078 448 1130 sic
475 1078 743 1145 accipere
769 1077 1079 1141 debemus,
1126 1074 1290 1143 quasi
1324 1076 1571 1128 resideat
1599 1077 1752 1128 inter
1777 1075 2049 1144 sphaeras
2067 1117 2081 1139 ,
2129 1087 2191 1128 ut
2216 1077 2407 1129 stellas
2429 1090 2646 1126 nume·

359 1158 482 1202 ret:
535 1148 635 1200 sed
676 1146 797 1199 illic
832 1146 1058 1197 coelum
1093 1144 1386 1210 significat
1430 1147 1620 1199 locum
1658 1147 1915 1214 sphaeris
1955 1145 2218 1200 omnibus
2255 1145 2646 1215 superiorem,

407 1220 464 1272 ui
490 1228 618 1287 post
641 1217 1125 1271 resurrectionem
1154 1215 1296 1266 Filio
1324 1217 1433 1267 Dei
1462 1227 1551 1268 est
1580 1218 1912 1271 destinatus.
1960 1234 2076 1269 non
2106 1218 2261 1285 quod
2288 1217 2523 1288 proprie
2553 1215 2645 1283 lo*-

399 1307 464 1357 us
492 1292 563 1341 sit
589 1296 747 1340 extra
771 1288 1047 1340 mundum
1067 1324 1081 1349 ,
1120 1285 1220 1335 sed
1247 1287 1379 1354 quia
1410 1288 1481 1338 de
1511 1304 1690 1355 regno
1717 1288 1827 1340 Dei
1853 1289 2044 1356 loqui,
2080 1288 2193 1340 nisi
2222 1305 2383 1339 more
2406 1284 2644 1353 ,nostr-o,

358 1362 479 1414 non
505 1375 824 1429 possumus.
911 1357 1026 1427 Qui
1066 1364 1256 1407 autem
1295 1357 1432 1408 inde
1470 1359 1788 1425 colligunt,
1842 1350 2135 1410 Christum
2166 1356 2425 1411 locorum
2454 1358 2642 1408 inter·

358 1433 513 1487 vallo
552 1447 669 1485 non
715 1429 926 1480 distare
967 1444 1001 1477 a
1037 1426 1237 1488 nobis,
1305 1443 1371 1477 eo
1424 1429 1576 1496 quod
1617 1430 1773 1503 idprn
1815 1429 2047 1481 valeant
2092 1429 2411 1480 eminentia
2460 1441 2641 1494 supra

361 1519 562 1554 omnes
595 1500 820 1564 coelos,
857 1506 912 1548 et
938 1513 1206 1548 ascensus
1230 1496 1292 1546 in
1324 1498 1581 1553 coelum:
1632 1516 1750 1550 non
1773 1499 2275 1566 animadvertunt,
2328 1514 2505 1567 quum
2538 1513 2640 1548 su·

356 1590 467 1642 pra
497 1573 720 1635 coelos,
745 1569 855 1621 ‘vel
883 1571 944 1618 in
976 1567 1149 1620 coelis
1174 1566 1416 1632 locatur,
1457 1568 1681 1620 excludi
1712 1569 2105 1639 quinquidaest
2133 1567 2641 1633 circumferentiae

357 1643 464 1696 sub
503 1642 721 1695 sole‘et
750 1639 966 1704 stellis,
1018 1637 1276 1704 adeoque
1314 1638 1418 1689 sub
1457 1647 1579 1690 tota
1621 1639 1862 1691 visibilis
1890 1639 2086 1704 mundi
2120 1640 2410 1694 machina.
2553 1636 2640 1689 Ut

306 1724 313 1735 ⁶
356 1715 616 1777 impleret
659 1712 872 1762 omnia.
957 1709 1245 1776 Quoniam
1274 1709 1524 1775 Implere
1550 1726 1722 1775 saepe
1750 1710 2038 1761 Perficere
2070 1711 2390 1778 significat,
2438 1714 2642 1777 posset

355 1782 455 1835 hic
483 1796 710 1851 quoque
739 1781 824 1830 sic
852 1779 1058 1844 accipi.
1110 1794 1245 1829 nam
1276 1794 1377 1829 suo
1409 1781 1468 1829 in
1500 1781 1722 1831 coelum
1750 1798 1990 1832 ascensu
2025 1779 2284 1832 Christus
2320 1775 2635 1847 possessio-

354 1870 491 1906 nem
530 1852 675 1902 adiit
717 1850 882 1900 datae
921 1850 1032 1901 sibi
1078 1865 1110 1898 a
1154 1850 1322 1899 Patre
1363 1850 1809 1915 dominationis,
1864 1860 1925 1902 ut
1961 1848 2155 1902 omnia
2190 1860 2356 1917 regat
2385 1865 2488 1899 sua
2516 1850 2636 1898 vir-

356 1932 508 1988 tute,
552 1931 612 1973 et
637 1920 989 1972 moderetur.
1064 1918 1397 1986 Elegantior
1424 1929 1651 1986 tamen,
1692 1922 2097 1987 meoiudicio,
2152 1921 2265 1972 erit
2296 1933 2525 1983 sensus,
2580 1915 2634 1967 si

355 1994 471 2045 duo
506 1994 567 2042 in
598 1990 846 2062 speciem
872 1989 1158 2042 contraria
1190 1989 1524 2056 iungantur,
1566 2009 1715 2060 quae
1747 2002 1942 2042 tamen
1970 2009 2033 2042 re
2059 1991 2182 2058 ipsa
2219 1993 2373 2042 inter
2401 2005 2458 2040 se
2489 2002 2636 2038 con-

352 2070 590 2134 gruant.
683 2063 838 2114 Nam
878 2076 1057 2130 quum
1094 2058 1360 2112 audimus
1404 2077 1699 2114 ascensum
1742 2059 1998 2128 Christi,
2056 2061 2314 2131 protinus
2356 2059 2522 2111 nobis
2563 2057 2635 2108 in

352 2143 619 2186 mentem·
650 2130 843 2196 venit,
896 2147 1022 2181 eum
1049 2128 1255 2197 procul
1286 2146 1320 2180 a
1345 2131 1512 2183 nobis
1534 2139 2005 2184 remotumesset
2058 2142 2116 2181 et
2143 2140 2229 2182 est
2258 2128 2433 2182 etiam
2462 2143 2631 2192 sane,

354 2205 547 2274 quoad
572 2217 780 2268 corpus
808 2208 868 2251 et
893 2198 1213 2251 humanam
1240 2201 1651 2268 praesentiam.
1736 2198 1947 2254 Paulus
1972 2211 2162 2263 autem
2193 2202 2490 2264 admonet,
2542 2196 2636 2249 ita

351 2274 702 2328 subductum
740 2270 917 2322 fuisse
961 2287 994 2320 a
1033 2269 1201 2321 nobis
1239 2271 1530 2338 corporali
1569 2271 1923 2338 praeseutia,
1973 2279 2040 2324 ut
2068 2273 2262 2324 omnia
2288 2279 2486 2322 tamen
2515 2266 2634 2321 im-

349 2345 544 2417 pleat,
593 2357 806 2408 nempe
836 2340 1083 2407 Spiritus
1121 2339 1212 2393 sui
1253 2341 1483 2394 virtute.
1568 2343 1717 2393 Nam
1744 2358 2086 2411 quacunque
2116 2351 2267 2409 patet
2295 2342 2404 2393 Dei
2430 2341 2634 2391 dexte-

347 2431 453 2482 ra,
504 2426 655 2485 quae
680 2411 907 2464 coelum
939 2419 998 2462 et
1021 2418 1240 2463 terram
1268 2411 1671 2479 complectitur
1689 2450 1706 2477 ,
1760 2412 1971 2465 diffusa
1998 2421 2084 2472 est
2108 2410 2423 2479 spirituali·
2453 2406 2631 2462 Chri·

347 2487 428 2540 nti
462 2484 816 2555 praesentiat
870 2482 1089 2549 et‘ipse
1121 2482 1408 2536 immensa
1446 2483 1653 2533 virtute
1692 2497 1795 2534 sua
1836 2484 2031 2547 adest,
2082 2491 2371 2551 utcunque
2416 2495 2632 2545 corpus

260 2555 291 2570 ’“
348 2556 517 2609 coelo
568 2551 856 2605 contineri
906 2560 1203 2619 oporteat,
1264 2551 1583 2604 secundum
1620 2552 1778 2604 Petri
1824 2552 2173 2605 sententiam
2218 2555 2376 2621 (Act.
2408 2551 2462 2615 3,
2489 2551 2629 2617 21.).

349 2626 662 2689 Videmus,
693 2631 760 2674 ut
783 2620 989 2674 allusio
1021 2621 1092 2673 ad
1120 2623 1374 2689 speciem
1398 2622 1820 2691 repugnantiae
1853 2640 1969 2675 non
2007 2640 2244 2690 parvam
2281 2620 2458 2672 addat
2491 2635 2630 2688 gra-

312 2747 317 2752 ,
347 2688 515 2749 tiarn‘.
595 2692 901 2756 Ascendit,
948 2692 1051 2750 sed
1078 2700 1144 2743 ut
1173 2693 1400 2748 coelum
1432 2703 1490 2743 et
1518 2702 1742 2745 terram·
1762 2692 2066 2760 impleret,
2121 2694 2221 2763 qui
2250 2701 2389 2744 ante
2413 2692 2629 2757 exiguo

347 2768 535 2835 spatio
568 2763 994 2817 continebatur.
1066 2761 1177 2814 Sed
1209 2779 1403 2815 annon
1431 2763 1586 2830 prius
1608 2762 1921 2829 implebat?
1970 2769 2126 2814 certe
2154 2780 2257 2814 sua
2284 2760 2628 2825 Divinitate‚

347 2839 575 2892 fateor:
624 2834 725 2887 sed
771 2833 1040 2885 virtutem
1079 2832 1169 2885 sui
1189 2832 1438 2900 Spiritus.
1468 2848 1587 2885 non
1624 2826 1707 2884 ita
1744 2835 2074 2897 exserebat,
2123 2830 2234 2884 ne'c
2266 2834 2325 2881 in
2360 2832 2427 2881 ea
2454 2846 2629 2881 suam

345 2902 736 2981 praesentiam
763 2902 1109 2969 exhibebat,
1153 2903 1301 2954 sicut
1325 2903 1482 2954 adita
1507 2900 1676 2971 regni
1702 2904 1789 2956 sui
1817 2903 2190 2969 possessione.
2262 2900 2389 2952 Ioh.
2416 2900 2469 2965 7,
2498 2900 2592 2953 39.
2613 2918 2634 2956 z

340 2979 617 3034 Nondum
648 2975 899 3043 Spiritus
927 2973 1091 3024 datus
1116 2982 1261 3038 erat,
1304 2974 1439 3043 quia
1476 2975 1633 3025 Iesus
1661 2973 1919 3026 nondum
1951 2982 2076 3025 erat
2103 2972 2475 3039 glorificatus.
2551 2968 2632 3021 Et

349 3052 438 3113 16,
470 3050 558 3101 7.:
601 3044 850 3114 Expedit
876 3043 1038 3104 vobis
1068 3052 1131 3094 ut
1157 3045 1381 3095 vadam.
1423 3045 1538 3095 nisi
1569 3041 1723 3095 enim
1756 3044 1990 3109 abiero,
2017 3044 2354 3110 *Paracletus
2381 3056 2500 3091 non
2529 3057 2631 3088 ve-

345 3120 496 3171 niet.
584 3117 852 3183 Denique
892 3113 1042 3165 sicut
1082 3124 1220 3165 tunc
1266 3102 1460 3183 eoepit
1494 3114 1696 3167 sedere
1732 3114 1809 3166 ad
1844 3115 2134 3167 dexteram
2160 3113 2381 3177 Patris,
2429 3111 2634 3179 coepit

347 3191 531 3250 etiam-
554 3185 804 3254 implere
828 3184 1044 3238 omnia.

278 3395 285 3400 „
521 3350 614 3409 11.
672 3342 762 3407 Et
801 3346 950 3429 ipse.
984 3340 1170 3404 dedit
1212 3340 1380 3406 alios
1423 3343 1692 3424 quidem
1722 3342 2117 3431 Apostolos,
2184 3340 2355 3406 alios
2394 3350 2630 3403 autem
2691 3367 2699 3382 ¹

342 3428 760 3518 Prophetas,
802 3429 969 3489 alios
995 3446 1156 3493 vero
1188 3426 1675 3510 Evangelistas‚
1721 3427 1889 3493 alios
1921 3428 2229 3491 Pastores
2258 3440 2322 3488 et
2358 3426 2632 3487 Docto-

342 3519 499 3593 ¹res,
595 3517 694 3576 12.
748 3510 854 3575 Ad
883 3514 1441 3578 instaurationem
1467 3524 1887 3586 sanctorum,
1946 3517 2013 3574 in
2044 3532 2213 3596 opus
2242 3512 2634 3586 ministerii,

278 3671 281 3678 ᾗ
343 3606 415 3668 in
448 3596 975 3663 aedificationem
1002 3599 1310 3681 corporis
1341 3594 1632 3675 Christi,
1722 3603 1815 3659 13.
1864 3596 2261 3679 Usquedum
2294 3614 2630 3658 occurra-

290 3692 292 3695 ’
338 3701 497 3766 xnus
527 3684 1218 3746 omnes‘inunitatem
1245 3679 1437 3758 fidei,
1484 3694 1549 3745 et
1579 3684 1982 3765 cognitionis
2012 3678 2160 3743 Filii
2195 3681 2358 3755 Dei,
2401 3683 2470 3741 in
2509 3681 2630 3742 vi-

336 3777 513 3850 ,rum
541 3764 955 3853 perfectum,
1023 3769 1093 3828 in
1135 3785 1518 3829 mensuram
1562 3769 1793 3829 aetatis
1839 3750 2279 3851 plenitudinis
2307 3762 2631 3827 Christi:

323 3855 450 3923 44.
495 3850 600 3915 Ne
628 3848 917 3935 amplius
946 3854 1153 3915 simus
1188 3853 1419 3936 pueri,
1461 3855 1576 3933 qui
1606 3839 2036 3932 flue-tuimur,
2080 3861 2145 3912 et
2177 3846 2632 3912 circumfera-

341 3940 769 4020 mur-quovis
800 3948 1002 3998 vento
1031 3935 1376 3997 doctrinae
1395 3982 1415 4010 ‚
1469 3955 1593 4019 per
1617 3949 1831 3999 astum
1862 3935 2251 4009 hominurn,
2289 3953 2425 4017 yper
2456 3950 2632 3998 ver—

343 4026 590 4090 sutiam
614 4020 701 4085 ad
722 4022 1372 4085 'circumventionem
1402 4024 1832 4110 imposturae.
2010 4095 2012 4097 η
2295 4047 2298 4052 ·

483 4156 658 4214 Redit
686 4155 769 4206 ‘ad
804 4156 968 4208 illam
1015 4157 1349 4223 gratiarum.
1379 4156 1901 4224 dispensationem,
1942 4156 2110 4212 cuius*
2134 4152 2474 4205 meminerat
2494 4172 2510 4205 ε
2565 4164 2636 4206 et

302 4226 529 4280 „fusius
562 4226 825 4280 declarat
852 4225 1008 4298 quod
1033 4226 1287 4279 breviter
1306 4228 1475 4294 prius
1507 4227 1736 4295 attigit,
1779 4244 1847 4277 ex
1874 4229 1992 4279 ista‘
2012 4226 2283 4298 varietate
2314 4223 2527 4274 confici
2560 4217 2631 4277 in

334 4298 610 4352 Ecclesia
644 4296 930 4350 unitatem
949 4334 966 4362 ,
1016 4297 1166 4348 sicut
1190 4295 1336 4348 varii
1365 4296 1489 4347 toni
1521 4297 1580 4347 in
1612 4297 1829 4347 musica
1858 4309 2094 4352 suavem
2133 4295 2443 4346 melodiam
2482 4310 2632 4346 con-

340 4368 574 4432 ficiunt.
668 4366 855 4424 Simul
893 4375 1087 4422 tamen
1128 4379 1435 4423 externum
1471 4367 1649 4421 Verbi
1698 4365 2088 4430 ministerium
2129 4366 2509 4419 commendat
2550 4368 2631 4420 ab
