2820 4895
603 226 768 303 ‘AD
820 230 1521 312 TIMQTHEUM
1564 235 1636 299 1.
1679 234 1838 303 Car.
1885 235 1973 299 V.
2143 305 2154 310 ,
2321 236 2454 301 279

156 424 372 476 curae,
420 405 739 476 qui-totius
770 402 1079 478 ’Ecclesiae
1117 420 1323 458 curam
1358 399 1607 471 gerunt?
1669 419 1861 474 neque
1899 402 2058 481 enipi
2095 401 2197 457 bio
2231 403 2448 472 aetatis

154 493 367 531 nomen
396 488 484 530 est
506 473 895 548 πρεςβὺτερος,
933 476 1038 529 ssd
1066 475 1269 527 officii.
1344 472 1514 544 Quod
1541 475 1827 543 duplicem
1855 474 2127 529 honorem
2152 474 2446 542 interprea-

154 559 315 601 tatur
340 549 790 616 Chrysostesnus
829 549 1049 600 vietum
1091 555 1152 597 et
1186 545 1614 608 reverentiam,
1665 560 1782 594 non
1811 544 2118 613 impugno:
2166 555 2444 615 sequatur

155 621 273 674 sius
303 620 643 687 opinionem·
664 618 759 687 qui
793 619 963 670 volet.
1041 616 1197 669 Mihi
1235 627 1431 668 tamen
1474 613 1832 681 probabilius
1864 615 2122 681 videtur,
2174 615 2275 667 hic
2310 615 2441 667 fieri

154 691 853 758 comparationemjnter
897 687 1098 740 viduas
1151 696 1210 738 et
1250 685 1640 753 Presbyteros.
1721 687 1886 736 Prius
1930 686 2177 737 iusserat
2213 687 2443 754 Paulus,

150 762 436 813 honorem
475 760 680 812 haberi
714 759 930 812 viduis:
981 757 1141 828 atqui
1170 758 1393 812 honore
1426 755 1720 823 digniores
1750 765 1884 807 sunt
1908 756 2235 824 Presbyteri
2262 773 2440 827 quam

148 833 318 884 illae:
383 848 563 901 quare
613 830 701 880 his
726 830 951 896 duplex
994 819 1181 879 honor
1225 843 1428 877 earum
1469 835 1739 891 respectu
1772 825 2146 879 exhibendus.
2230 827 2340 880 Sed
2376 836 2477 898 ιιιν

151 902 420 953 ostendat
460 902 746 952 selarvas
780 917 901 952 non
940 896 1389 962 commendare,
1438 896 1616 947 addit·
1641 897 1741 963 qui
1783 897 1919 948 hene
1956 912 2275 964 praesunt:
2324 898 2438 950 hoe

149 982 232 1024 est
277 972 377 1041 qui
424 970 677 1023 fideliter
715 979 775 1021 et
813 980 1045 1024 strenue
1084 968 1434 1031 incumbunt
1473 981 1572 1019 suo
1622 964 1867 1018 muneri.
1932 965 2082 1017 Nam
2122 974 2184 1016 ut
2220 970 2441 1022 centies

151 1044 275 1112 quis
316 1043 514 1094 locum
557 1041 852 1106 obtineat,
908 1049 970 1090 et
1009 1040 1248 1090 titulum
1290 1038 1509 1101 iactet,
1558 1034 1668 1084 nisi
1701 1051 1910 1087 munus
1938 1034 2110 1087 simul
2151 1047 2439 1114 exerceat,
2523 1098 2528 1101 .

149 1113 305 1172 nullo
345 1115 475 1163 iure
513 1112 817 1178 stipendiis
858 1109 1172 1161 Ecclesiae‘
1194 1126 1258 1160 se
1302 1107 1379 1158 ali
1418 1104 1772 1174 postulabit»
1835 1106 2103 1174 Denique
2141 1108 2437 1175 significat

154 1199 265 1244 non
290 1182 464 1233 titulo
495 1177 696 1232 deberi
721 1182 1006 1254 honprem
1034 1180 1134 1232 sed
1168 1193 1417 1245 operae,
1469 1191 1646 1248 quarn
1686 1175 2031 1242 impendunt
2066 1177 2163 1245 qui
2199 1189 2333 1231 sunt
2369 1180 2453 1231 in·

153 1253 340 1304 officio
364 1252 689 1308 constituti.
763 1250 1024 1301 Praefert
1050 1260 1248 1310 tamen
1279 1262 1406 1309 eos,
1463 1248 1562 1312 qui
1594 1246 1659 1295 in
1681 1247 1848 1312 verbo
1878 1260 1930 1298 et
1969 1248 2239 1298 doctrina
2275 1251 2436 1301 laba-

153 1337 316 1375 rant:
372 1323 489 1374 hoc
531 1331 618 1372 est
648 1321 748 1388 qui
772 1321 1044 1384 docendo
1076 1319 1252 1370 verbo
1279 1323 1415 1370 sunt
1440 1315 1672 1366 intenti.
1744 1315 1894 1368 Nam
1920 1316 2070 1367 duae
2097 1314 2241 1367 istae
2266 1330 2438 1372 voces

150 1408 268 1452 rem
308 1408 488 1444 unam
524 1391 890 1460 significant,
938 1406 1150 1458 nempe
1193 1388 1366 1439 Verbi
1402 1385 1919 1453 praedicationem.
2004 1385 2116 1439 Sed
2158 1403 2231 1439 ne
2274 1389 2435 1442 verbi

151 1462 382 1514 nomine
409 1463 663 1514 otiosum
688 1463 940 1512 studium
970 1469 1028 1511 et
1053 1459 1478 1525 speculativum
1506 1462 1595 1521 (ut
1625 1463 1853 1518 vocant)
1896 1454 2185 1525 quispiam
2208 1458 2434 1511 intelli-

151 1541 336 1602 geret,
379 1533 593 1584 adiecit
621 1533 966 1583 doctrinam.
1038 1530 1325 1597 Colligere
1344 1536 1549 1578 autem
1573 1525 1711 1576 hinc
1737 1526 1875 1577 licet
1893 1563 1908 1591 ,
1949 1526 2062 1577 duo
2089 1526 2264 1582 fuisse
2288 1530 2434 1582 tunc
2469 1535 2474 1542 ¹

148 1602 615 1671 presbyterorum
643 1617 888 1667 genera;
941 1602 1074 1668 quia
1117 1616 1236 1651 non
1277 1614 1476 1648 omnes
1514 1597 1586 1648 ad
1626 1596 1950 1648 docendum
1988 1598 2431 1666 ordinabantur.

156 1675 298 1726 Nam
328 1671 537 1741 aperte
570 1671 1011 1734 verbasonant,
1061 1671 1341 1739 quosdam
1372 1669 1520 1721 bene
1550 1676 1608 1718 et
1637 1665 1878 1719 honeste
1907 1668 2253 1734 praefuisse:
2300 1673 2430 1741 qui·

148 1742 249 1795 bus
286 1752 487 1795 tamen
528 1758 646 1793 non
681 1751 848 1792 erant
879 1743 1221 1792 commissae
1251 1738 1497 1790 docendi
1529 1745 1743 1806 partes.
1816 1738 1892 1789 Et
1924 1754 2062 1788 sane
2101 1740 2169 1790 ex
2211 1741 2424 1807 populo

152 1804 556 1881 deligebantur
579 1828 775 1882 graves
800 1820 858 1862 et
882 1811 1114 1879 probati
1142 1810 1443 1872 homines,
1484 1809 1583 1877 qui
1607 1823 1721 1859 una
1750 1823 1882 1860 cum
1906 1808 2239 1878 Pastor-ibus
2265 1823 2425 1865 com·
2451 1857 2456 1864 .
2499 1811 2506 1818 ”

149 1885 305 1935 muni
342 1884 589 1937 consilio
628 1891 684 1933 et
714 1882 1064 1942 auctoritate
1092 1880 1386 1932 Ecclesiae
1420 1877 1784 1946 disciplinam
1812 1878 2322 1948 administrarent,
2357 1897 2428 1936 ae

152 1963 334 2005 essent
381 1955 550 2023 quasi
589 1969 859 2005 censores
893 1952 1151 2003 moribus
1192 1949 1598 2016 corrigendis..
1641 1948 1812 1999 Hunc
1845 1964 2066 2001 morem
2095 1950 2430 2005 Ambrosius

146 2017 492 2077 ‘obsolevisse
525 2022 902 2092 conqueritur
924 2024 1250 2074 Doctorum
1275 2020 1542 2087 ignavia,
1591 2017 1678 2067 vel
1709 2019 1914 2086 potius‘
1928 2020 2232 2088 superbia,
2285 2023 2426 2080 dum

148 2095 251 2146 soli
275 2095 479 2148 volunt
509 2091 787 2145 eminere:
851 2094 1024 2144 Nunc
1060 2101 1123 2144 ut
1163 2092 1237 2142 ad
1268 2089 1508 2143 Paulum
1534 2088 1808 2152 redeam,
1861 2090 2078 2142 victum
2114 2096 2423 2163 praecipue

94 2183 98 2188 ·
150 2164 504 2233 suppeditari
542 2163 1108 2228 iubetPastoribus,
1169 2158 1571 2230 qui-docendo
1607 2166 1742 2209 sunt
1783 2160 2069 2227 occupati.
2144 2162 2230 2214 Ea
2265 2165 2423 2232 enim
2471 2175 2484 2188 Χ

150 2245 232 2287 est
261 2238 464 2288 mundi
490 2233 845 2304 ingratitudo
865 2269 882 2298 ,
932 2243 998 2284 ut
1026 2233 1097 2284 de
1123 2229 1389 2283 fovendis
1424 2228 1596 2282 verbi
1622 2228 1902 2280 ministris
1929 2246 2044 2281 non
2072 2232 2319 2296 multum
2351 2236 2427 2287 sit
2483 2259 2502 2276 x

149 2304 465 2359 sollieitus.·
491 2317 548 2355 et
575 2305 756 2358 Satan
796 2303 909 2354 hac
946 2317 1075 2355 arte
1107 2310 1297 2354 tentat
1329 2300 1597 2351 doctrina
1624 2300 1849 2366 privare
1876 2300 2230 2369 Ecclesiam,
2287 2304 2425 2358 dum

152 2375 377 2445 inopiae
405 2385 464 2428 et
488 2373 855 2427 famis'metu
885 2373 1479 2440 plurimos-absterret
1497 2408 1513 2437 ,
1555 2386 1629 2419 ne
1655 2369 1715 2420 id
1741 2369 1934 2420 oneris
1956 2372 2288 2439 suscipiant.

277 2449 356 2500 18.
414 2447 552 2499 Non
607 2446 893 2511 obligabis
944 2442 1042 2511 o‘s,
1089 2447 1217 2496 ete.>
1289 2442 1674 2509 Praeceptum
1732 2450 1815 2492 est
1854 2440 2193 2510 politicum,
2264 2443 2418 2513 quod

151 2515 311 2568 nobis
335 2518 396 2568 in
430 2532 653 2585 genere
690 2514 1044 2582 aequitatem
1082 2512 1488 2564 commendat:
1539 2511 1710 2563 sicuti
1736 2510 1797 2563 in
1825 2512 2080 2578 priorem
2111 2515 2182 2565 ad
2218 2514 2424 2569 Corin-

148 2585 297 2639 thios
335 2586 644 2653 epistolam
688 2585 956 2638 diximus.
1031 2586 1181 2636 Nam
1208 2584 1257 2635 si
1288 2581 1596 2650 prohibet,
1647 2597 1721 2633 ne
1745 2581 2051 2635 inhumani
2085 2585 2261 2637 simus
2288 2585 2424 2639 bru—

151 2655 222 2705 tis
262 2657 642 2721 animalibus,
693 2663 908 2723 quanto
951 2652 1077 2722 plus
1113 2652 1501 2705 humanitatis
1542 2649 1721 2719 exigit
1762 2668 1900 2720 erga
1937 2654 2092 2720 ipsos
2117 2650 2426 2709 homines?

152 2724 297 2794 Ergo
327 2727 573 2793 perinde
596 2726 755 2776 valet
780 2725 925 2777 haec
957 2726 1276 2788 sententia,
1331 2739 1401 2773 ac
1436 2723 1485 2774 si
1526 2721 1881 2789 generaliter
1924 2723 2252 2792 diceretur,
2302 2744 2422 2780 non

155 2810 271 2848 esse
307 2797 508 2849 labore
542 2796 733 2847 alieno
766 2796 1139 2861 abutendum.
1212 2792 1551 2846 Triturandi
1592 2809 1717 2844 mos
1751 2791 1928 2843 hodie
1964 2794 2161 2847 multis
2189 2794 2423 2850 Galliae

150 2867 407 2933 partibus
435 2876 520 2918 est
543 2868 801 2934 ignotus,
841 2866 938 2917 ubi
964 2864 1212 2934 flagellis
1240 2863 1502 2914 triticum
1533 2864 1857 2916 excutiunt:
1896 2863 2007 2915 soli
2035 2866 2425 2920 provinciales

153 2947 362 2988 norunt
400 2936 542 3007 quid
582 2937 657 2987 sit
696 2937 991 3001 triturare.
1066 2934 1307 2987 sed-hoc
1332 2933 1482 2985 nihil
1505 2934 1579 2983 ad
1606 2950 1866 2984 sensum:
1919 2935 2053 3001 quia
2081 2939 2425 2992 tantundem

157 3005 226 3055 de
270 3011 539 3059 aratione
585 3007 702 3058 dici
751 3017 958 3074 potest.
1045 3004 1215 3075 Quod
1256 3003 1496 3054 subiicit
1540 3003 1818 3054 continuo
1859 3016 2019 3071 post,
2078 3005 2423 3073 operarium

156 3077 382 3140 dignum
421 3095 543 3129 esse
578 3080 830 3127 mercede
871 3094 1013 3141 sua,
1065 3093 1182 3128 non
1224 3074 1369 3125 citat
1409 3074 1572 3143 quasi
1613 3074 1948 3143 scripturae
1989 3076 2419 3131 testimonium:

153 3144 248 3194 sed
277 3148 438 3214 quasi
468 3146 686 3198 dictum
719 3145 1112 3213 proverbiale,
1158 3145 1315 3216 quod
1344 3145 1610 3195 omnibus
1645 3144 1826 3195 dictat
1858 3142 2176 3197 communis
2205 3165 2419 3202 sensus.

155 3213 655 3282 Quemadmodum
682 3226 741 3268 et
771 3215 1027 3267 Christus
1047 3254 1062 3282 ‚
1104 3233 1279 3285 quum
1309 3215 1724 3266 idem1dicebat
1740 3216 2059 3282 Apostolis,
2097 3217 2244 3270 nihil
2267 3219 2425 3271 aliud

158 3300 329 3353 quam
387 3288 737 3339 sententiam
777 3286 1112 3353 proferebat
1157 3274 1421 3336 omnium
1468 3302 1749 3337 consensu
1792 3287 2192 3353 approbatam.
2273 3290 2427 3358 Ergo
2487 3349 2494 3352 ⁴

154 3354 407 3411 crudeles
447 3367 582 3409 sunt
616 3367 674 3408 et
711 3359 898 3409 omnis
938 3357 1240 3425 aequitatis
1275 3357 1679 3421 immemores,
1731 3358 1830 3423 qui
1865 3358 2157 3425 iumenta,
2208 3360 2426 3413 nedum

153 3420 444 3493 homines,
488 3429 706 3480 esurire
732 3429 959 3488 sinunt,
990 3442 1245 3495 ‘quorum
1275 3427 1543 3477 sudorem
1572 3438 1854 3493 exsugunt
1884 3428 1943 3478 in
1969 3445 2132 3480 suum
2163 3446 2426 3483 commo-

154 3491 304 3546 dum.
376 3500 610 3567 Quanto
651 3490 846 3548 autem
887 3498 1079 3548 minus
1114 3497 1354 3549 ferenda
1395 3513 1597 3547 eorum
1627 3497 2020 3564 ingratitudo,
2072 3500 2167 3568 qui
2206 3502 2425 3554 victum

152 3561 626 3686 Pastoriibusasuis
653 3575 899 3636 negant,
939 3568 1142 3639 quibus
1168 3569 1387 3619 nullam
1415 3567 1554 3619 satis
1580 3567 1813 3636 dignam
1835 3566 2162 3621 meroed'em
2188 3581 2430 3639 possunt

153 3646 214 3683 ΥΘ
258 3652 327 3685 en
369 3655 492 3687 ere.

219 3650 252 3701 p
283 3705 364 3756 19.
430 3707 713 3758 Adversus
771 3708 1179 3775 presbyterum.
1274 3707 1582 3774 Postquam
1634 3705 1927 3772 stipendia
1981 3707 2145 3761 iussit
2194 3713 2422 3779 erogari

156 3769 511 3841 pastoribus,
564 3773 936 3827 Timotheum
967 3777 1144 3826 etiam
1177 3768 1485 3838 admonet,
1538 3791 1608 3825 ne
1643 3777 1797 3826 sinat
1826 3793 1921 3827 eos
1958 3778 2234 3831 infamari
2265 3782 2424 3834 calu-

157 3842 321 3892 mniis
339 3868 366 3908 ‚=
393 3864 502 3897 nec
528 3845 645 3895 ulla
676 3846 1085 3897 criminatione
1112 3846 1371 3912 gravari,
1413 3846 1525 3896 nisi
1553 3862 1700 3913 quae
1728 3847 1952 3898 nitatur
1974 3849 2235 3917 legitimo
2262 3851 2426 3904 testi·

162 3913 370 3965 monio.
444 3915 554 3968 Sed
579 3924 769 3982 posset
793 3915 906 3966 hoc
935 3916 1113 3966 videri
1144 3916 1488 3979 absurdum,
1533 3916 1678 3984 und
1701 3917 1949 3984 Legem,
1991 3936 2137 3986 quae
2169 3924 2429 3975 omnium

171 3988 252 4059 est
284 3986 638 4050 communis,
696 3986 1047 4054 presbyteris
1072 3987 1233 4053 quasi
1265 3986 1617 4053 peculiarem
1647 3985 1825 4049 facit„
1882 3988 2008 4038 Hoc
2033 3991 2169 4041 iuris
2196 3992 2258 4041 in
2290 4010 2428 4045 cau..

161 4060 236 4097 sis
263 4057 520 4107 omnibus
550 4058 699 4108 Deus
728 4056 1099 4122 praescribit:
1136 4067 1199 4106 ut
1229 4073 1297 4106 ex
1332 4073 1433 4115 ore
1460 4057 1706 4106 duorum
1740 4065 1839 4106 aut
1864 4060 2040 4108 trium
2064 4061 2298 4117 testium
2327 4062 2427 4113 de-

163 4114 433 4175 finiantur
464 4128 662 4191 (Deut-¹
696 4128 776 4190 17,
804 4125 857 4179 6.
904 4126 1115 4181 Matth.
1144 4126 1224 4188 18,
1262 4127 1387 4192 16.).
1463 4127 1582 4176 Cur
1621 4142 1756 4193 ergo
1796 4125 1909 4177 hoc
1950 4129 2112 4195 quasi
2145 4129 2433 4198 singulari

167 4190 459 4259 privilegio
500 4197 648 4251 solos
687 4197 1052 4264 presbyteros
1083 4195 1271 4246 mun-it
1303 4196 1637 4260 Apostolus,
1693 4204 1759 4244 ut
1792 4214 1823 4245 a
1854 4197 2014 4248 falsis
2043 4199 2431 4256 delationibus

166 4263 289 4309 tuta
327 4265 400 4313 sit
432 4281 629 4317 eorum
660 4264 1037 4318 innocentia?
1109 4267 1485 4334 Respondeo,
1529 4266 1641 4315 hoc
1674 4282 1796 4316 esse
1825 4267 2212 4320 neo'essarium
2241 4264 2431 4323 reme-

172 4323 326 4380 dium
364 4334 629 4389 adversus
665 4336 967 4389 bominum
1009 4336 1453 4403 malignitatem.
1524 4334 1683 4388 Nulli
1719 4335 1874 4387 enim
1907 4339 2215 4391 calumniis
2247 4347 2305 4391 et
2333 4340 2435 4392 ob·

172 4401 604 4459 ”mationibus
639 4409 822 4478 magis
858 4418 995 4460 sunt
1025 4407 1300 4474 obnoxii,
1348 4422 1526 4476 quam
1553 4405 1636 4475 pii
1661 4406 1961 4471 Doctores.
2005 4409 2445 4479 ‹Praeterquam
