2820 4895
326 265 548 330 320²·
688 316 704 335 „
783 270 786 277 '
874 259 987 327 IN
1049 258 1674 328 EPISTOLAE
1737 258 2075 331 PAULI

327 433 420 489 die
457 431 585 486 vide
631 440 734 485 tur
773 429 1094 497 indociles,
1144 430 1260 483 Dei
1293 429 1518 485 virtute
1551 430 1744 485 subito
1770 430 1834 484 in
1859 430 2012 484 alios
2038 431 2315 486 homines
2345 432 2619 488 mutandi

328 501 491 555 sint?
565 448 843 572 Quisquis
872 517 1017 569 ergo
1046 500 1333 568 cogitabit
1359 501 1580 552 donum
1609 512 1845 569 etopus
1871 501 1989 553 Dei
2018 519 2142 554 esse
2168 502 2622 570 poenitentiam,

319 572 461 651 'plus
489 568 758 639 sperabit
785 569 1012 631 multos,
1060 579 1121 621 et
1157 569 1269 635 hac
1305 569 1528 624 fiducia
1573 571 1862 623 animatus
1903 570 2037 637 plus
2076 571 2305 623 laboris
2342 581 2405 623 et
2441 572 2623 635 studii

325 640 634 709 impendet
669 639 743 692 ad
781 637 1130 703 erudiendos
1173 639 1450 691 rebelles.
1534 639 1628 693 Sic
1655 639 1810 692 enim
1836 638 2178 692 habendum
2209 650 2333 707 est,
2385 652 2621 694 nostras

327 725 454 761 esse
495 716 726 776 partes,
776 707 1024 771 serendo
1060 717 1131 759 et
1163 708 1418 776 rigando
1460 705 1836 761 incumbere:
1892 708 2005 759 hoc
2037 700 2177 762 dum
2210 727 2489 779 agemus,
2523 728 2623 762 ex-

329 777 715 847 spectandum
756 794 880 829 esse
914 793 948 828 a
975 775 1236 843 Domino
1275 768 1734 847 incrementum.
1807 779 1898 828 Ita
1926 777 2080 829 nihil
2105 795 2176 830 ex
2203 795 2264 830 se
2293 778 2625 846 proficiunt

327 854 580 899 conatus
619 862 825 898 omnes
862 846 1058 898 nostri
1098 862 1165 896 ac
1207 846 1481 908 labores,
1532 856 1595 897 et
1626 855 1825 911 tamen
1851 846 1966 897 Dei
1999 846 2292 898 beneficio
2328 865 2454 899 non
2485 857 2626 900 sunt

324 914 506 968 irriti.
582 914 766 981 Simul
804 913 946 966 hinc
987 912 1275 982 colligere
1311 913 1495 979 licet,
1546 931 1699 982 quae
1728 914 1804 967 sit
1837 932 1973 966 vera
2002 931 2205 969 eorum
2238 917 2627 995 poenitentia,

325 984 436 1056 qui
472 982 545 1035 ad
581 993 816 1051 tempus
856 983 1233 1051 immorigeri
1268 982 1516 1034 fuerunt
1543 984 1690 1036 Deo.
1763 985 1915 1035 Nam
1952 983 2083 1036 eius
2119 984 2361 1037 initium
2399 984 2625 1038 consti—

262 1064 266 1069 ·
323 1053 445 1106 tuit
472 1052 689 1106 Paulus
725 1053 790 1103 ἰη
830 1054 1133 1118 agnitione
1175 1052 1482 1114 veritatis,
1535 1069 1652 1120 quo
1690 1052 2028 1120 significat,
2074 1062 2455 1109 excoecatam
2496 1072 2627 1108 esse

325 1120 593 1175 hominis
637 1129 931 1193 mentem,
985 1120 1579 1193 quamdi112adversus
1610 1123 1804 1173 Deum
1843 1130 1904 1172 et
1942 1119 2071 1173 eius
2108 1122 2444 1175 doctrinam
2481 1139 2627 1187 pro-

326 1201 494 1244 terve
535 1190 814 1242 exsultat.
911 1188 1733 1258 Illuminationemstsequitur
1770 1188 2051 1242 liberatio
2097 1207 2130 1242 a
2167 1188 2391 1245 diaboli
2435 1192 2627 1244 servi·

325 1269 491 1323 tute„
547 1258 702 1311 Nam
738 1257 1005 1311 infideles
1044 1258 1131 1310 ita
1166 1256 1427 1309 inebriat
1460 1258 1677 1324 Satan,
1725 1267 1792 1310 ut
1817 1258 2001 1328 sopiti
2027 1259 2185 1312 mala
2211 1278 2327 1319 sua.
2342 1278 2465 1313 non
2493 1278 2629 1313 sen-

326 1329 515 1390 tiant3
552 1336 762 1379 contra
786 1325 1108 1394 Dominus,
1145 1326 1246 1383 ubi
1276 1324 1453 1379 nobis
1479 1325 1750 1380 veritatis
1775 1330 1921 1380 'suae
1950 1327 2389 1397 lueeeffulget,
2422 1330 2495 1382 ab
2521 1329 2628 1382 illo

328 1395 564 1452 exitiali
592 1404 839 1447 veterno
866 1412 978 1446 nos
1006 1394 1447 1467 expergefacit»,
1494 1397 1793 1464 abrumpit
1821 1396 2094 1465 laqueos,
2145 1397 2361 1467 quibus
2395 1398 2631 1457 detine·

327 1467 573 1530 bamur,
623 1474 684 1516 et
720 1464 1171 1533 impedimentis
1214 1464 1492 1518 omnibus
1532 1464 1784 1518 sublatis
1826 1483 1931 1518 nos
1968 1467 2033 1517 in
2074 1466 2425 1536 obsequium
2450 1485 2632 1521 suum

328 1537 563 1588 format.
1901 1554 1909 1573 =
2623 1576 2631 1580 .

332 1610 344 1657 ἶ
463 1603 556 1655 26.
631 1600 676 1650 A
702 1619 813 1670 quo
847 1601 1083 1668 captivi.
1166 1600 1478 1654 Horrenda
1506 1618 1645 1653 sane
1672 1601 1943 1654 conditio
1963 1638 1981 1667 ,
2019 1619 2197 1672 quum
2224 1603 2463 1657 diabolo
2493 1614 2628 1657 tan-

328 1682 461 1727 tum
500 1673 565 1723 in
604 1670 932 1737 noslicet,
985 1679 1052 1723 ut
1093 1685 1199 1737 pro
1243 1687 1347 1722 sua
1384 1669 1636 1724 libidine
1666 1670 1785 1723 buc
1816 1681 1876 1724 et
1903 1672 2050 1724 illuc
2067 1681 2354 1743 ⁴tanquam
2384 1674 2630 1741 captiva

329 1740 623 1809 mancipia
647 1738 935 1808 impellat.
996 1738 1176 1808 Atqui
1203 1738 1340 1791 talis
1368 1750 1458 1791 est
1486 1740 1752 1793 omnium
1777 1758 2002 1807 eorum,
2044 1758 2191 1811 quos
2216 1744 2395 1794 aDeo
2426 1760 2632 1795 eman·

332 1811 530 1877 cipat,
570 1809 759 1861 cordis
784 1806 876 1858 sui
901 1808 1132 1859 ferocia
1150 1845 1166 1873 ,
1206 1818 1383 1878 atque
1413 1808 1566 1859 hanc
1594 1808 1966 1876 tyrannicam
1987 1810 2240 1862 Satanae
2269 1811 2629 1864 dominatio—

301 1896 471 1930 ·nem
498 1877 760 1947 quotidie
785 1875 983 1944 palam
1009 1877 1302 1929 cernimus
1326 1877 1386 1927 in
1419 1878 1703 1944 reprobis.
1784 1879 1993 1948 Neque
2026 1879 2185 1931 enim
2214 1880 2484 1932 belluino
2511 1881 2631 1932 im-

330 1957 478 2016 petu
506 1964 576 1998 ac
601 1956 722 1999 tam
750 1944 969 1997 furiose
997 1953 1245 1999 ruerent
1269 1945 1330 1996 in
1360 1945 1534 1996 foeda
1564 1945 1804 2015 quaevis
1835 1956 1895 1997 et
1925 1948 2194 2014 pudenda
2220 1948 2476 2017 flagitia,
2499 1950 2631 2000 'nisi

333 2016 576 2067 occulta
616 2016 674 2068 vi
706 2016 955 2067 Satanae
996 2013 1264 2081 impulsi.
1335 2014 1413 2065 Id'
1451 2023 1568 2079 est,
1619 2016 1776 2084 quod
1819 2016 1890 2067 ad
1931 2015 2219 2086 Ephesios
2265 2016 2460 2086 capite
2483 2011 2628 2086 2,‘2.

306 2084 620 2152 ‚vidimus,
683 2085 957 2137 Satanam
991 2099 1055 2157 ιιιι
1094 2082 1439 2139 incredulis,
1465 2084 1796 2136 efficaciam
1827 2100 2003 2151 gsuam
2048 2084 2344 2138 exercere.
2428 2086 2630 2144 ‘Talia

304 2200 308 2205 .
333 2155 603 2223 exempla
640 2171 749 2205 nos
789 2162 1069 2218 monent,
1109 2161 1178 2204 ut
1202 2151 1463 2205 sollicite
1488 2169 1595 2204 nos
1624 2154 2044 2206 contineamus
2063 2156 2171 2207 sub
2200 2155 2424 2207 Christi
2454 2157 2630 2224 iugo,

333 2224 579 2303 eiusque
608 2219 859 2291 Spiritui
889 2238 1000 2273 nos
1029 2221 1444 2288 gubernandos
1475 2222 1796 2274 tradamus.
1869 2224 2075 2292 N‘eque
2103 2233 2302 2275 tamen
2332 2224 2628 2277 eiusmodi

333 2292 653 2359 captivitas
699 2298 940 2343 excusat
983 2289 1235 2357 impios,
1270 2297 1351 2363 ⁵ut
1390 2288 1521 2343 ideo
1566 2307 1677 2342 non
1721 2301 2004 2359 peccent,
2055 2293 2195 2361 quia
2223 2294 2478 2351 Satanae
2513 2294 2626 2346 im·

330 2361 509 2432 pulsu
557 2367 828 2430 peccant.
922 2358 1189 2412 Tametsi
1233 2358 1404 2409 enim'
1433 2359 1585 2427 quod
1623 2370 1748 2413 tam
1799 2362 1883 2411 im
1931 2372 2167 2412 otenter
2216 2361 2497 2414 feruntur
2552 2361 2630 2412 ad

330 2430 554 2484 malum
574 2468 590 2496 ‚
639 2429 761 2490 ida
790 2428 1039 2481 Satanae
1068 2426 1716 2493 dominatu‘provenit3
1770 2429 1897 2481 nihi
1958 2438 2155 2482 tamen
2189 2429 2383 2490 coacti¹
2414 2441 2627 2504 agunt,

333 2499 439 2551 sed
466 2508 595 2550 toto
626 2499 843 2550 affectu
868 2498 1198 2564 inclinant,
1247 2513 1363 2564 quo
1391 2496 1569 2547 Satan
1600 2514 1700 2549 eos
1727 2500 1902 2567 rapit.
1988 2501 2079 2552 Ita
2107 2499 2212 2565 fit,
2257 2510 2322 2552 ut
2348 2501 2631 2554 'volunta-

333 2568 429 2621 ria
460 2567 544 2621 sit
569 2583 777 2621 eorum
803 2566 1140 2636 captivitas.
2078 2572 2083 2577 “

1287 2774 1346 2850 C
1368 2791 1511 2845 ΑΡ.
1563 2770 1692 2844 III.
1735 2817 1739 2832 ·

338 2951 397 3009 1.
458 2910 648 3006 Illud
684 2953 907 3024 autem
953 2943 1166 3018 scit0,
1224 2941 1407 3023 quod
1440 2944 1761 3007 extremis
1782 2940 2030 3007 diebus
2062 2941 2410 3024 instabunt
2438 2952 2631 3006 tem-

250 3041 254 3054 ‘
331 3047 500 3117 pora
558 3025 935 3112 periculosa
986 3025 1117 3107 (vel
1152 3027 1428 3111 gravia).
1488 3079 1495 3084 .
1542 3030 1602 3090 2.
1674 3027 1896 3090 Erunt
1940 3030 2119 3090 enim
2161 3025 2469 3089 homines
2516 3029 2633 3091 sui

333 3124 670 3189 amanteS,
715 3113 935 3187 avari,
975 3109 1295 3188 fastuosi,
1339 3113 1648 3195 superbi,
1691 3110 2023 3187 maledici,
2066 3111 2460 3197 parentibus
2490 3114 2629 3173 im—

322 3199 720 3281 morigeri„
752 3197 1036 3279 ingrati,
1091 3199 1318 3282 impii,
1365 3201 1472 3260 *3-
1534 3194 1859 3274 Carentes
1888 3194 2181 3271 affectu,
2222 3198 2435 3258 nescii
2465 3191 2634 3258 foe—-

328 3286 554 3358 deris,
610 3278 1164 3356 calumniatores,
1216 3287 1776 3366 intemperanteS,
1825 3285 2156 3358 immiteS,
2207 3278 2647 3366 negligentes

331 3371 708 3443 bonorum,
805 3353 868 3428 4.
927 3362 1374 3441 Proditores,
1406 3369 1851 3452 praecipiteS,
1904 3363 2158 3442 inflati,
2199 3366 2632 3450 voluptatum

296 3461 639 3517 amantes
678 3453 909 3537 potius
954 3467 1153 3531 quam
1196 3445 1360 3526 Dei,
1473 3450 1560 3515 5‚.
1603 3445 2283 3528 Habentesformam
2329 3451 2636 3533 pietatiS,

333 3539 545 3622 quum
578 3538 712 3601 vim
743 3539 890 3599 eius
920 3534 1348 3619 abnegarint,
1393 3544 1462 3598 et
1484 3536 1656 3600 istos
1679 3539 2002 3601 aversare.
2093 3537 2157 3597 6.
2200 3534 2309 3599 Ex
2329 3537 2414 3598 iis
2445 3536 2632 3595 enim

332 3633 497 3698 sunt
516 3667 536 3695 ,
592 3624 707 3704 qui
736 3621 1121 3694 subintrant
1146 3622 1221 3680 in
1250 3616 1574 3696 familias,
1630 3632 1698 3683 et
1726 3623 2019 3707 captivas
2048 3618 2305 3682 ducunt
2335 3615 2634 3681 mulier-

336 3704 523 3771 culas
562 3714 873 3769 oneratas
911 3705 1242 3788 peccatiS,
1296 3721 1473 3787 quae*
1508 3703 1853 3768 ducuntur
1893 3695 2462 3794 concupiscentiis
2499 3707 2634 3766 va-

331 3793 500 3868 riiS,
583 3794 646 3855 7.
693 3788 981 3875 Semper
1006 3789 1367 3868 discente33
1410 3808 1621 3870 quum
1646 3801 1872 3854 tamen
1903 3807 2241 3873 nunquam
2271 3787 2353 3851 ad
2382 3790 2633 3872 cogni-

233 3933 236 3936 ,
335 3879 596 3941 tionem
627 3877 933 3939 veritatis
962 3877 1321 3959 pervenire
1349 3872 1632 3939 valeant.

439 3987 442 3992 .
478 4011 529 4064 1.
602 4010 763 4060 Illud
798 4023 988 4066 autem
1019 4011 1191 4063 scito,
1261 4009 1393 4061 Hac
1433 4008 1879 4064 denuntiatione
1924 4007 2297 4078 diligentiam
2336 4007 2462 4060 eius
2503 4024 2634 4059 ma·

336 4082 428 4151 gis
470 4092 687 4134 acuere
729 4077 940 4132 voluit.
1027 4078 1144 4133 Ubi
1175 4078 1338 4131 enim
1364 4097 1458 4144 res
1487 4096 1557 4131 ex
1585 4089 1721 4131 voto
1754 4087 1965 4130 nostro
1995 4077 2255 4143 habent,
2306 4076 2499 4145 magis
2537 4092 2633 4127 se·
2674 4129 2683 4134 „

250 4181 268 4192 -
338 4148 471 4202 curi
500 4139 834 4211 reddimur73
875 4147 1195 4200 necessitas
1224 4153 1428 4199 autem
1452 4147 1650 4209 acrius
1678 4148 1909 4217 pungit.
1982 4146 2143 4214 Ergo
2172 4148 2449 4199 admonet
2475 4144 2632 4195 Pau-

334 4218 462 4283 lus,
511 4214 841 4270 Ecclesiam
878 4215 1011 4267 fore
1054 4215 1366 4268 obnoxiam
1405 4215 1990 4284 gravibusmorbss,
2047 4216 2148 4284 qui
2185 4227 2386 4267 raram
2424 4214 2634 4264 Pasto-

336 4304 472 4339 rum
505 4287 714 4351 fidem,
762 4283 1170 4350 sedulitatem,
1218 4283 1641 4352 vigilantiam,
1678 4286 2093 4353 prudentiam,
2136 4294 2196 4337 et·
2225 4281 2632 4337 constantiam

337 4355 700 4420 indefessam
740 4351 1080 4422 requirant,
1131 4370 1201 4405 ac
1238 4353 1288 4404 si
1315 4352 1633 4406 Timotheo
1678 4353 2083 4423 praeciperet,
2137 4364 2205 4407 ut
2243 4371 2304 4414 se
2347 4360 2513 4421 paret
2553 4349 2633 4398 ad

340 4422 696 4492 certamina,
747 4435 908 4492 quae.
927 4422 1112 4476 ardua
1139 4421 1339 4492 ipsum
1362 4422 1647 4493 manent,-
1690 4423 1987 4494 plenaque
2018 4422 2306 4478 maximae
2339 4417 2633 4476 sollicitu-
