2820 4895
369 249 495 331 145
674 176 686 198 ‘
822 261 825 264 “
914 245 1039 313 ΙΝ
1094 244 1744 334 ΕΡὶὃΤΟῙι-ΑΕ-
1787 244 2158 336 Paul-21·

514 416 621 471 13..
669 416 750 470 Es
771 431 907 481 vos,
955 432 1129 485 quum
1158 414 1420 468 mortuis
1477 413 1648 485 Quod
1671 414 1736 466 in
1765 430 1988 483 genere
2021 414 2336 483 disseruit,
2383 416 2659 486 admonet

302 507 311 516 ’
371 486 783 554 cannenses,
829 484 1000 537 utin
1038 502 1102 537 se
1144 484 1287 552 ipsis
1322 493 1789 554 recognoscente
1848 501 1998 553 quae
2032 486 2214 553 longe
2246 485 2658 544 efficacissima

373 564 468 609 cst
496 552 756 608 docendi,
785 554 960 604 ratio.
1056 554 1242 614 Porro
1283 554 1418 622 quia
1459 552 1722 604 Gentiles
1768 561 1963 619 erant,
2015 571 2194 622 quum
2237 554 2310 607 ad
2351 556 2659 608 Christum

373 633 515 678 sunt
555 622 868 687 conversi,
918 621 1055 674 inde
1092 621 1370 673 admonet
1407 639 1583 691 quarn
1621 622 1939 673 absurdum
1966 623 2043 674 sit
2070 640 2227 674 nunc
2259 625 2330 676 ad
2365 623 2659 682 Mosaicas

375 690 751 748 ceremonias
777 706 812 742 a
841 690 1089 743 Christo
1124 690 1445 744 transilire.
1538 692 1767 753 Eratis,
1810 690 2043 758 inquit,
2085 695 2295 743 mortui
2325 695 2386 743 in
2415 711 2662 759 prospice

304 783 310 801 ι
374 765 495 816 tio..
549 760 755 811 Potest
790 769 994 811 tamen
1038 759 1128 811 vel
1167 760 1231 810 in
1275 757 1523 827 propria
1558 758 1987 825 significatione
2030 761 2218 828 accipi
2266 761 2379 813 hoc
2417 778 2661 829 nomen,

373 831 469 885 vel
497 827 884 881 translatitie.
937 828 989 879 si
1020 829 1258 896 proprie
1285 826 1581 895 accipias,
1630 843 1831 879 sensus
1865 828 2015 879 erite
2071 827 2463 897 Praeputium
2500 837 2659 896 symb

371 898 581 954 bolum
610 905 703 949 est
733 895 1109 948 alienationis
1138 915 1169 947 a
1200 898 1351 952 Deo.
1397 912 1535 948 nam
1568 896 1670 946 ubi
1703 912 1821 946 non
1853 905 1941 948 est
1965 898 2172 950 foedus
2200 899 2471 966 gratiae,
2520 897 2659 964 illic

372 964 818 1031 immundities,
856 975 913 1017 et
937 964 1075 1018 inde
1103 964 1449 1018 maledictio
1478 964 1862 1017 ‹st-interitus.
1933 964 2107 1035 Atqui
2147 984 2251 1018 vos
2290 985 2359 1019 ex
2402 984 2659 1036 praepun-

371 1036 459 1090 tio
486 1037 649 1089 Deus
688 1034 761 1086 ad
794 1050 859 1085 se
902 1032 1203 1099 vocavit,·
1230 1041 1374 1102 ergo
1408 1050 1484 1098 eit
1522 1042 1737 1085 morte.
1811 1035 1903 1086 Ita
1937 1034 2311 1101 praeputium
2342 1053 2461 1087 non
2485 1037 2660 1090 ‚face-

370 1113 470 1159 ret
495 1119 734 1156 causam
761 1103 1000 1167 mortis,
1034 1102 1137 1154 sed
1161 1102 1572 1154 testimonium
1601 1101 1757 1171 quod
1792 1102 1975 1153 alieni
2009 1113 2204 1155 essent
2233 1120 2266 1155 a
2290 1106 2447 1158 Deo.
2525 1106 2660 1157 Sci-

369 1190 506 1230 mus
536 1181 735 1223 autem
758 1188 881 1222 non
902 1172 1080 1222 aliter
1112 1169 1311 1224 vivere
1336 1171 1643 1235 homines,
1697 1187 1874 1238 quam
1899 1172 1946 1223 si
1974 1172 2102 1222 Deo
2134 1189 2239 1223 suo
2271 1175 2657 1237 adhaereant,

350 1241 478 1313 ‘qui
509 1240 673 1294 solus
702 1248 790 1290 est
817 1238 1086 1307 ipsorum
1117 1238 1259 1291 vita.
1343 1233 1511 1292 Unde
1536 1239 1806 1308 sequitur
1834 1240 2053 1308 impios
2084 1257 2320 1312 omnes,
2366 1244 2505 1294 dum
2539 1241 2661 1296 sibi

369 1311 630 1366 maxime
657 1307 772 1361 vivi
798 1316 858 1359 et
879 1304 1467 1360 florentesvidentur
1491 1325 1649 1374 esse,
1699 1317 1902 1361 tamen
1935 1308 2329 1375 spiritualiter
2363 1320 2658 1370 mortuos.

372 1382 508 1433 Hoc
553 1377 730 1430 modo
782 1377 1139 1443 conveniret
1189 1375 1291 1429 hic
1340 1377 1509 1429 locus
1549 1393 1686 1435 cum
1723 1376 1980 1429 secundo
2022 1378 2222 1451 capite,
2256 1379 2328 1431 ad
2363 1379 2661 1445 Ephesios

332 1505 345 1511 „
373 1450 452 1517 (2,
481 1449 628 1513 110),
664 1444 766 1497 ubi
798 1443 1044 1518 dicitur:
1084 1443 1481 1512 Memineritis
1508 1445 1665 1513 quod
1680 1444 2016 1515 aliquando,
2051 1464 2233 1515 quum
2264 1451 2465 1502 essetis
2492 1449 2661 1500 Gen-v

308 1579 311 1586 ι
370 1529 496 1583 tes,
543 1513 1281 1585 vocatiquelpraeputium
1317 1516 1391 1567 ab
1436 1514 2031 1580 earCircumcisione,
2082 1533 2229 1584 quae
2263 1534 2444 1570 manu
2477 1518 2550 1569 fit
2587 1516 2661 1568 in

369 1601 585 1650 carne,
634 1583 741 1635 illo
780 1593 1052 1651 tempore
1091 1583 1272 1636 eratis
1306 1585 1526 1652 absque
1551 1581 1824 1650 Christo,
1872 1582 2115 1635 alienati
2144 1604 2182 1647 a
2204 1586 2417 1654 politia
2446 1584 2661 1651 Israel,

371 1663 435 1707 et
461 1652 723 1722 hospites
752 1651 1235 1721 promissionum.
1312 1654 1383 1708 In
1426 1651 1811 1703 translatione
1853 1662 2009 1704 esset
2046 1653 2288 1722 quidem
2326 1655 2540 1707 allusio
2578 1654 2662 1708 ad

360 1722 645 1778 ‚naturale
669 1720 1083 1789 praeputium:
1135 1721 1240 1772 sed
1266 1731 1465 1775 tamen
1494 1720 1709 1773 Paulus
1737 1721 1834 1771 hic
1861 1720 2210 1790 loqueretur
2240 1724 2660 1776 de‘contumav

287 1840 290 1843 ,
373 1793 467 1846 cia
490 1790 687 1844 cordis
713 1788 960 1842 humani
985 1789 1261 1844 adversus
1289 1792 1483 1842 Deum
1501 1824 1519 1855 ,
1573 1798 1633 1840 et
1656 1797 1869 1841 natura
1894 1790 2089 1857 pravis
2118 1791 2425 1845 affectibus
2453 1793 2660 1863 inqui·

366 1871 525 1914 nata.
584 1859 725 1928 ¹Ego
755 1858 1013 1926 priorem
1039 1858 1478 1927 expositionem
1502 1858 1687 1927 magis
1713 1860 2067 1927 amplector,
2104 1862 2238 1928 quia
2268 1860 2479 1914 melius
2506 1878 2659 1930 qua-

369 1933 505 1983 drat
528 1926 862 1981 contextui.
936 1928 1376 1981 Commemorat
1401 1927 1560 1981 enim
1577 1928 1791 1979 Paulus
1821 1927 2197 1996 praeputium
2223 1930 2658 1999 impedimento

367 2015 489 2051 non
515 1998 699 2049 fuisse
719 2033 735 2056 ,
773 1997 1087 2066 quominus
1114 1998 1274 2048 vitae
1303 1997 1525 2049 Christi
1550 1997 1767 2049 fierent
1796 2006 2121 2049 consortes.
2174 1999 2324 2052 unde
2354 1999 2636 2068 sequitur

370 2064 906 2121 circumcisionem
928 2065 1156 2135 gratiae
1172 2065 1282 2117 Dei
1310 2066 1623 2132 derogare,
1656 2082 1831 2133 quam
1856 2064 1975 2117 iam
2006 2064 2204 2135 adepti
2233 2076 2426 2119 erant.
2451 2113 2454 2120 ,
2480 2068 2571 2137 Qu

368 2152 511 2189 vero
555 2141 812 2192 mortem
851 2133 1493 2202 praeputio‘ascribit,
1544 2134 1653 2186 hoc
1683 2151 1800 2187 non
1829 2145 1920 2185 est
1948 2145 2230 2202 tanquam
2260 2153 2506 2201 causae,
2544 2137 2656 2192 sed

366 2214 665 2273 tanquam,
691 2200 979 2270 symbolo.
1031 2200 1209 2254 sicuti
1245 2215 1304 2255 et
1343 2204 1536 2256 altero
1578 2203 1707 2254 loco
1750 2203 1825 2254 ad
1851 2202 2175 2269 Ephesios,
2224 2221 2398 2273 quem
2436 2204 2655 2257 citavi·-

368 2290 519 2327 mus.
593 2274 669 2325 Et
690 2282 785 2323 >est
815 2271 1095 2323 usitatum
1116 2271 1480 2339 scripturae,
1517 2285 1549 2322 a
1580 2269 1917 2339 privatione
1944 2270 2102 2341 signi
2126 2271 2215 2328 rei
2244 2273 2654 2341 privationem

364 2351 594 2398 notare.
643 2350 712 2392 ut
741 2337 1041 2404 Genesi-⁹»,
1065 2340 1186 2393 222
1235 2343 1324 2393 Ne
1352 2342 1511 2392 forte
1542 2343 1720 2392 Adam
1750 2339 2052 2392 defructu
2082 2343 2235 2393 vitae
2264 2341 2434 2409 edat,
2475 2352 2537 2394 et
2563 2343 2656 2396 vie

364 2420 487 2464 vat„
551 2410 740 2465 Arbor
769 2409 930 2460 enim
957 2409 1134 2460 vitam
1163 2426 1283 2461 non
1311 2410 1685 2463 conferebat:
1724 2408 1821 2460 sed
1848 2409 2047 2473 ablata
2074 2410 2306 2478 signum
2329 2422 2456 2467 erat
2483 2427 2653 2465 mor-

362 2483 462 2534 tis.
533 2481 866 2548 Utrumque
888 2478 1154 2529 breviter
1180 2479 1276 2531 hic
1295 2479 1506 2531 Paulus
1538 2478 1844 2546 expressit.
1882 2479 2021 2530 dicit
2045 2489 2307 2533 mortuos
2336 2479 2519 2533 fuisse
2547 2481 2654 2535 dea·

361 2547 546 2603 lictis.
593 2548 744 2601 haec
779 2563 958 2600 causa
994 2556 1103 2598 est.
1156 2563 1298 2600 nam
1335 2558 1587 2615 peccata.
1614 2564 1715 2600 nos
1756 2545 2023 2599 alienant
2058 2565 2095 2600 a
2136 2549 2290 2600 Deo·
2362 2550 2540 2602 Addit
2580 2550 2650 2600 in

362 2619 668 2687 praeputio
708 2616 927 2669 camis.
995 2615 1162 2683 Haec
1187 2627 1314 2668 erat
1342 2626 1585 2668 externa
1615 2615 2059 2681 immundities,
2096 2617 2495 2675 testimonium
2526 2619 2648 2686 spi-

361 2685 603 2739 ritualis
643 2687 870 2737 mortis.
1028 2685 1416 2736 Condonando
1451 2687 1633 2736 vobis.
1712 2687 1839 2737 Non
1868 2685 1991 2737 sola
2023 2685 2261 2754 quidem
2289 2686 2646 2741 remissione

316 2798 327 2807 .
410 2766 755 2811 eccatorum
783 2768 891 2804 nos
920 2751 1182 2805 vivificat
1209 2755 1401 2806 Deus:
1451 2753 1680 2821 sedhic
1713 2753 2097 2820 peculiariter
2126 2755 2247 2806 eius
2276 2757 2643 2809 mentionem

393 2826 510 2875 acit
529 2860 545 2888 ,
582 2823 720 2893 quia
747 2821 1011 2901 gratuita
1037 2824 1442 2875 reconciliatio
1467 2834 1607 2875 >cum
1635 2825 1763 2874 Deo
1782 2859 1798 2886 ,
1839 2839 1987 2890 quae
2020 2825 2234 2875 evertit
2266 2841 2518 2893 operum
2544 2824 2640 2882 iu·
2725 2868 2730 2873 .
2807 2876 2808 2879 ,

362 2894 617 2958 stitiam,
653 2907 908 2944 maxime
942 2891 1202 2958 pertinet
1231 2892 1298 2942 ad
1333 2909 1567 2943 causam
1596 2899 1970 2960 praesentem
2041 2892 2147 2945 uhi.
2184 2893 2387 2960 agitur
2430 2894 2498 2945 de
2537 2892 2643 2945 ab·

300 2954 317 2969 ’
363 2962 585 3031 rogatis
613 2958 988 3013 ceremoniis.
1029 2961 1517 3028 quemadmodum
1548 2961 1610 3013 in
1642 2959 1897 3028 epistola
1925 2927 2003 3012 aci
2030 2961 2495 3017 Galatas-fusius
2524 2961 2647 3014 dis·

363 3030 570 3083 seruit.
655 3031 805 3080 Nam
840 3028 1358 3097 pseudoapostoli,
1412 3029 1776 3081 ceremonias
1811 3028 2209 3097 stabiliendo,
2254 3031 2470 3100 laqueo
2498 3047 2648 3083 con-
2713 3086 2720 3105 ,
2805 3032 2808 3039 “

360 3098 647 3154 scientias
672 3097 1014 3165 obligabant
1033 3134 1049 3162 ,
1089 3115 1204 3167 quo
1240 3116 1334 3150 eas
1366 3097 1638 3150 Christus
1666 3097 1865 3150 solvit.
2505 3142 2506 3147 ,
2630 3138 2637 3147 .

505 3167 590 3219 14.
665 3167 903 3231 Deleta,
934 3169 1102 3236 ⁴:puni
1146 3182 1350 3219 contra
1389 3186 1496 3219 nos
1532 3181 1674 3219 erat.
1763 3167 1943 3225 Nunc
1975 3177 2251 3225 conserta
2291 3183 2483 3233 manu
2509 3185 2650 3223 cum

364 3233 878 3307 pseudoapostolis
905 3243 1146 3302 pugnat.
1221 3237 1372 3287 Nam
1395 3236 1498 3287 hic
1524 3236 1857 3288 eratstatus
1884 3252 2126 3305 causae,
2173 3253 2247 3288 an
2276 3235 2652 3301 ceremoniam

363 3320 498 3358 rum
526 3302 858 3361 observatio
886 3303 1224 3356 necessaria
1251 3313 1406 3357 esset
1431 3304 1539 3357 sub
1567 3321 1753 3373 regno
1774 3305 2021 3357 Christi.
2092 3304 2414 3363 Contendit
2438 3315 2649 3363 autem

366 3371 615 3439 Paulus,
671 3371 1044 3425 ceremonias
1082 3371 1267 3424 fuisse
1302 3373 1569 3425 abolitas.
1626 3378 1803 3441 atque
1838 3383 1904 3423 ut
1935 3373 1997 3424 id
2026 3375 2279 3441 probet,
2330 3385 2676 3444 comparat,

369 3452 468 3493 eas
493 3439 891 3520 chirographo
911 3476 928 3506 ,
977 3456 1093 3508 quo
1121 3440 1283 3492 Deus
1313 3457 1422 3492 nos
1449 3440 1612 3509 quasi
1647 3441 1962 3495 obstrictos
1989 3451 2189 3509 tenet,
2236 3459 2311 3500 ne
2354 3444 2647 3511 possimus

364 3520 598 3562 reatum
623 3508 903 3562 inficiari.
972 3510 1147 3561 Nunc
1178 3508 1334 3560 dicit
1353 3509 1438 3560 ita
1463 3526 1571 3562 nos
1595 3511 1773 3562 fuisse
1802 3511 2084 3562 liberatos
2113 3529 2145 3564 a
2177 3521 2349 3565 reatu
2368 3547 2385 3577 ,
2422 3521 2490 3564 ut
2507 3513 2648 3569 chi-,-

365 3577 733 3656 rographum
781 3578 961 3630 etiam
1008 3571 1271 3629 deletum
1324 3578 1545 3644 fuerit,
1602 3595 1677 3630 ne
1716 3579 2022 3637 memoria,
2051 3589 2325 3633 exstaret.
2410 3580 2650 3637 Scimus

351 3662 526 3704 ‚emm
567 3646 634 3699 in
670 3645 1045 3712 nominibus,
1112 3654 1388 3698 manente
1425 3646 1829 3715 ,chirographo
1874 3648 2052 3699 etiam
2095 3648 2511 3717 obligationem
2557 3649 2648 3700 vi-

366 3729 542 3784 gere:
579 3714 754 3767 chiro
799 3713 971 3783 raphi
999 3723 1210 3766 coiitra
1234 3715 1580 3766 inductione
1601 3754 1616 3780 ,
1655 3727 1755 3766 aut
1781 3716 2176 3782 laceratione,
2217 3718 2448 3769 absolvi
2476 3717 2648 3777 (ie-bi,-
2712 3761 2728 3768 -

302 3786 303 3789 ’
365 3796 582 3836 torem.
656 3785 745 3835 Un
792 3800 822 3835 e
851 3784 1155 3851 sequitur,
1185 3783 1550 3836 beneficium
1581 3783 1804 3835 Christi
1836 3782 2104 3837 minuere
2131 3803 2230 3840 eos
2262 3784 2499 3847 omnes,
2540 3785 2650 3855 qui

368 3851 738 3909 ceremonias
766 3840 956 3904 adliuc
980 3862 1225 3922 urgent:
1276 3853 1439 3919 quasi
1470 3869 1585 3903 non
1614 3862 1768 3919 esset
1793 3870 1901 3926 per
1925 3853 2317 3923 ipsumpobis
2346 3864 2516 3927 parta
2543 3856 2650 3907 ab·

369 3918 636 3975 soluti0.'
661 3921 982 3972 restituunt
1020 3921 1175 3973 enim
1216 3921 1611 3989 chirographo
1653 3936 1823 3973 suum
1868 3912 2167 3989 vigorem,
2207 3932 2287 3982 „ut
2313 3923 2647 3976 nos·adhuc

364 4000 573 4043 teneat
606 3982 907 4042 ohnoxios.
989 3990 1095 4040 Est
1134 3988 1327 4057 igitur
1367 3991 1513 4041 haec
1555 4006 1693 4039 vere
1728 3990 2062 4059 theologica
2098 3992 2252 4042 ratio
2283 3991 2354 4042 ad
2383 3994 2649 4060 probaui-

363 4058 504 4111 dam
531 4058 1006 4111 ceremoniarum
1034 4057 1507 4124 abrogationem,
1543 4058 1816 4127 quoniam
1844 4058 1891 4109 si
1919 4059 2323 4112 Christusnos
2351 4061 2528 4128 plene
2553 4078 2651 4119 rea-

370 4126 559 4179 demit
596 4145 630 4179 a
668 4136 875 4192 reatu,
926 4127 1274 4193 memoriam
1316 4144 1551 4206 quoque
1592 4125 1975 4196 obligationis
2001 4128 2218 4180 tollere
2247 4129 2483 4196 debuit,
2509 4146 2646 4200 ,quo

369 4205 616 4264 pacatae
643 4195 763 4257 sint
788 4211 859 4247 ac
889 4194 1251 4264 tranquillae
1277 4196 1663 4263 conscientiae
1696 4212 1899 4265 coram
1927 4196 2078 4251 Deo.
2123 4206 2265 4249 sunt
2300 4198 2461 4250 enim
2494 4199 2651 4252 haec

369 4265 486 4316 duo
515 4280 754 4317 annexa.
827 4265 1039 4332 Quum,
1065 4260 1227 4316 ‘varie
1265 4265 1426 4316 bunc
1459 4266 1660 4316 locum
1696 4272 1994 4332 exponant
2029 4266 2419 4334 interpretes,
2464 4282 2644 4325 nemo

367 4342 459 4385 cst
493 4333 596 4403 qui
635 4329 784 4387 mihi
821 4331 1163 4384 ‘satisfaciat-
1249 4333 1367 4384 Alii*
1395 4332 1754 4402 simpliciter
1781 4330 1852 4383 de
1877 4334 2008 4402 lege
2036 4335 2249 4386 morali
2279 4335 2532 4388 Paulum
2556 4337 2649 4388 Ια-
2715 4353 2719 4356 ⁴

367 4400 468 4473 qui
490 4411 740 4472 putant:
774 4401 877 4455 sed
901 4400 1074 4454 falso.
1110 4417 1250 4458 nam
1275 4402 1514 4456 decreta
1533 4418 1755 4455 vocare
1780 4402 1937 4457 solet
1952 4403 2163 4475 Paulus
2190 4402 2359 4458 illam
2389 4413 2649 4476 partem,
