2820 4895
404 271 531 337 314
618 223 627 237 ’
916 270 1060 366 dm
1136 234 1754 386 ams'romss
1828 268 2152 339 psum

404 439 680 508 damnat,
732 437 1123 509 quod'rruotu
1160 445 1388 504 careat,
1445 443 1506 491 et
1543 437 1698 508 quod
1734 436 1897 491 valde
1939 437 2016 491 sit
2054 438 2231 492 noxia
2265 437 2525 493 infirmos
2566 446 2684 491 tur-

403 507 615 563 bando.
686 509 946 563 Tametsi
971 516 1170 563 autem
1196 507 1259 559 in
1285 508 1553 560 versione
1575 517 1848 577 sequutus
1876 524 2005 561 sum
2033 509 2368 576 Erasmum‚
2415 510 2552 581 quia
2579 512 2686 562 mi-

356 582 363 587 ’
402 582 560 633 nime
591 577 903 632 dissidebat
928 595 963 631 a
992 587 1186 632 mente
1214 577 1378 630 Pauli
1398 596 1414 629 ε
1466 576 1594 628 volo
1632 588 1823 630 tamen
1866 578 2117 632 monitos
2154 580 2436 647 lectores,
2485 583 2565 632 ita·
2595 597 2688 632 re-

404 648 678 705 solvenda
701 665 823 701 esse
847 647 1014 702 Pauli
1046 647 1251 699 verba:
1298 647 1468 719 Quod
1495 648 1711 699 nullam
1743 643 1966 700 adrem
1996 650 2141 704 utile
2168 658 2272 702 est.
2307 714 2314 718 .
2342 649 2507 703 Dicit
2534 650 2687 702 enim

406 720 633 780 Graece
657 721 732 778 εἰς
760 717 927 773 οὐδὲν
941 712 1240 790 χρήσιμον.
1285 732 1390 784 ego
1417 716 1572 769 istud
1590 714 1873 790 χρήσιμον
1891 720 1955 771 in
1983 719 2339 772 nominativo
2372 736 2512 772 casu
2536 719 2684 789 lego,

405 806 526 843 non
560 791 913 843 accusativo.
981 795 1038 838 et
1070 796 1228 838 certe
1257 788 1444 839 oratio
1470 788 1554 839 sic
1582 789 1790 840 melius
1817 789 1995 854 fluet,
2017 779 2103 842 ‘ac
2138 792 2186 842 si
2219 790 2492 843 dixisset:
2536 790 2686 861 Quid

404 861 564 914 enim
608 860 1091 928 attinet„quum
1142 856 1330 908 nullus
1376 854 1513 909 inde
1559 859 1852 926 profectus
1899 861 2125 930 veniat,
2187 859 2438 912 multum
2485 869 2688 912 autem

393 929 584 983 anuli?
630 929 767 998 quia
794 928 1146 981 subvertitur
1176 926 1491 980 multorum
1522 926 1686 980 fides.
1753 931 2033 982 Notemus
2072 931 2361 1000 primum,
2414 929 2529 981 hac
2567 930 2688 981 sola

405 1002 478 1053 de
505 1016 678 1052 causa
705 999 913 1050 merito
934 998 1251 1065 improbari
1277 999 1639 1064 doctrinam,
1677 999 1832 1067 ‘quod
1857 999 2002 1050 nihil
2030 1002 2227 1070 prosit.
2303 1001 2508 1069 Neque
2531 1002 2685 1053 enim

405 1070 732 1124 curiositati
762 1078 992 1120 nostrae
1027 1067 1267 1137 obsequi
1291 1067 1414 1120 vult
1440 1070 1631 1133 Deus,
1669 1068 1769 1119 sed
1798 1069 2024 1121 utiliter
2050 1089 2152 1124 nos
2179 1070 2501 1122 instituere.
2574 1070 2683 1120 Va-

399 1142 562 1194 leant
584 1156 721 1209 ergo
749 1138 1177 1208 speculationes
1204 1153 1406 1189 omnes
1434 1155 1503 1188 ac
1529 1138 1815 1190 facessant
1833 1177 1849 1204 ,
1885 1157 2035 1208 quae
2062 1140 2538 1193 aedificationem
2561 1139 2684 1190 nul-

401 1212 522 1264 lam
555 1211 829 1262 afferunt.
864 1241 869 1245 -
905 1209 1017 1261 Sed
1043 1208 1157 1260 hoc
1193 1208 1508 1259 secundum
1549 1207 1721 1275 longe
1760 1209 2012 1260 deterius
2050 1220 2170 1278 est,
2193 1226 2401 1279 ,quum
2443 1212 2519 1259 ad
2559 1210 2684 1261 suh·

399 1281 719 1334 versionem
762 1280 1119 1331 audientium
1162 1278 1462 1345 agitantur
1503 1279 1900 1347 quaestiones,
1955 1280 2175 1351 alioqui
2213 1282 2327 1331 iam
2363 1279 2686 1331 infructuo-

401 1366 521 1404 sae.
592 1352 779 1419 Atque
820 1349 1044 1399 utinam
1081 1349 1340 1399 animum
1382 1348 1496 1399 huc
1538 1349 1938 1415 adverterent,
1988 1354 2086 1420 qui
2130 1366 2359 1418 semper
2396 1349 2470 1401 ad
2511 1348 2685 1417 digla-

406 1417 683 1472 diandum
713 1418 914 1484 lingua
951 1426 1085 1468 sunt
1124 1418 1368 1480 armati,
1419 1418 1537 1468 imo
1571 1419 1826 1470 certandi
1854 1422 2162 1473 materiam
2189 1420 2387 1503 quavis
2410 1436 2479 1470 ex
2507 1432 2688 1486 quae-

402 1492 593 1544 stione
619 1497 977 1557 aucupantur
995 1525 1011 1552 ,
1050 1487 1306 1557 adeoque
1332 1489 1395 1539 in
1423 1488 1657 1556 singulis
1686 1489 1874 1541 ve'rbis
1902 1500 2002 1542 aut
2014 1491 2256 1561 ‚syllabis
2284 1489 2534 1559 aucupia
2560 1496 2688 1539 ten·

405 1561 569 1614 dunt.
655 1559 767 1611 Sed
808 1557 925 1608 alio
964 1557 1119 1624 rapit
1159 1575 1257 1609 eos
1295 1557 1574 1623 ambitio,
1627 1567 1681 1610 et
1722 1558 2014 1626 interdum
2056 1558 2462 1615 etiam.fatalis
2499 1573 2688 1625 paene

404 1626 639 1700 quidam
677 1628 931 1680 morbus.
1041 1627 1154 1679 uod
1188 1628 1248 1678 in
1291 1628 1586 1681 nonnullis
1626 1638 1890 1695 expertus
1930 1647 2072 1684 sum.
2155 1628 2326 1702 Quod
2369 1639 2572 1682 autem
2617 1627 2685 1680 de

402 1698 779 1752 subversione
804 1696 986 1748 tradit
1054 1694 1339 1767 pos'tolus,
1392 1699 1753 1750 verissimum
1785 1716 1905 1751 esse
1935 1718 2025 1752 res
2053 1703 2175 1771 ipsa
2204 1699 2464 1769 quotidie
2491 1698 2683 1750 docet.

403 1771 560 1822 Nam
588 1777 647 1819 et
679 1767 943 1820 naturale
970 1775 1086 1833 est,
1135 1766 1472 1820 altercando
1502 1769 1695 1821 amitti
1725 1772 2062 1825 veritatem:
2109 1781 2169 1822 et
2200 1773 2380 1825 Satan
2415 1768 2681 1821 dissidio-

400 1855 534 1963 }iiam
559 1849 859 1909 praetextu
882 1837 958 1891 ad
981 1837 1300 1892 turbandos
1329 1837 1589 1893 infirmos
1620 1839 1915 1910 abutitur,
1956 1849 2017 1893 et
2045 1835 2457 1893 destruendam
2484 1853 2684 1890 eorum

356 1947 359 1954 >
493 1925 603 1961 em.
1611 1929 1617 1937 ·

544 1979 627 2032 15.
704 1977 878 2030 Stude
917 1989 972 2031 te
1010 1978 1218 2047 ipsum,
1303 1978 1596 2049 Quoniam
1643 1996 1713 2031 ex
1755 1979 1871 2033 hoc
1916 1980 2079 2033 fonte
2125 1990 2446 2033 nascuntur
2485 1993 2683 2029 omnes

403 2063 633 2119 pugnae
681 2047 741 2099 in
799 2049 1099 2115 doctrina,
1178 2050 1330 2120 quod
1378 2043 1662 2117 ingeniosi
1710 2048 1968 2103 homines
2025 2068 2087 2103 se
2132 2052 2433 2103 venditare
2483 2064 2681 2101 coram

403 2118 622 2170 mundo
665 2116 934 2186 cupiunt,
987 2117 1273 2187 optimum
1304 2127 1361 2170 et
1391 2120 1754 2189 aptissimum
1788 2121 2112 2173 remedium
2141 2138 2211 2189 op
2257 2121 2378 2173 onit
2402 2119 2501 2171 hic
2535 2119 2681 2171 Pau-

403 2189 527 2257 lus,
558 2187 716 2240 dum
747 2185 1086 2256 praeseribit
1111 2188 1415 2240 Timotheo
1434 2228 1449 2253 ,
1503 2198 1566 2242 ut
1592 2190 1653 2240 in
1679 2192 1870 2243 Deum
1899 2192 2191 2242 coniectos
2214 2140 2433 2243 habeat
2462 2189 2683 2254 oculos,

407 2275 476 2312 ac
515 2257 564 2311 si
587 2258 851 2316 „diceretz
903 2259 1015 2310 Alii
1034 2259 1305 2326 plausum
1337 2269 1573 2327 captant
1598 2259 1845 2324 theatri,
1899 2271 1960 2311 tu
1991 2273 2185 2312 autem
2211 2261 2444 2313 studeas
2471 2274 2682 2329 appro-

382 2331 542 2383 lbare
576 2336 637 2380 te
675 2345 745 2379 ac
785 2328 1366 2396 tuumwministerium
1395 2325 1534 2383 Deo.
1606 2330 1682 2382 Et
1721 2341 1880 2382 certe
1920 2331 2067 2383 nihil
2101 2340 2218 2397 est,
2269 2330 2424 2400 quod
2463 2345 2673 2381 vanam

410 2398 704 2455 eminendi
744 2398 1119 2467 cupiditatem
1161 2401 1684 2468 magis·coerceat,
1711 2418 1909 2477 ‚quam
1949 2401 2084 2457 dum
2126 2412 2460 2470 reputamus
2503 2398 2672 2451 nobis

405 2487 528 2523 esse
554 2487 685 2522 cum
711 2471 833 2522 Deo
862 2472 1182 2537 negotium.
1257 2471 1426 2543 Quod
1453 2469 1895 2541 ἀνεπαίσχυντον
1920 2474 2194 2525 Erasmus
2222 2471 2525 2523 transtulit
2553 2471 2686 2522 Non‘

403 2540 894 2607 erubescendum,
941 2539 1338 2592 tametsinon
1377 2541 1687 2611 Mpugno:
1738 2541 1917 2592 malui
1948 2551 2141 2594 tamen
2161 2543 2358 2594 *active
2390 2554 2678 2608 exponere

399 2630 524 2664 non
568 2612 1009 2675 erubescentem,
1067 2611 1206 2678 quia
1240 2619 1300 2660 et
1336 2610 1521 2679 magis
1566 2611 1777 2662 usitata
1818 2620 1903 2662 est
1940 2611 2087 2664 haec
2128 2607 2679 2683 significati0,apud

410 2678 701 2746 Graecos,
753 2688 821 2741 et,
847 2678 1049 2738 melius
1089 2680 1209 2731 visa
1253 2689 1338 2731 est
1374 2681 1664 2749 praesenti
1699 2679 1831 2732 loco
1875 2682 2201 2745 convenire.
2273 2683 2481 2736 Subest
2524 2679 2678 2730 enim

324 2791 338 2811 x
409 2749 596 2801 adhuc
641 2748 974 2801 antithesis:
1042 2751 1155 2819 Qui
1200 2751 1662 2805 contentionibus
1702 2751 1937 2817 turbant
1974 2753 2330 2820 Ecclesiam,
2382 2752 2518 2805 ideo
2563 2761 2679 2800 tam

406 2820 624 2872 acriter
660 2817 919 2885 fervent,
977 2819 1126 2888 quod
1167 2820 1477 2889 pudet‘eos
1515 2822 1692 2886 vinci,
1737 2838 1820 2881 ac¹
1849 2822 1958 2874 sibi
1996 2834 2161 2892 turpe
2200 2823 2420 2877 ducunt
2458 2817 2679 2889 aliquid

406 2893 657 2942 nescire.
726 2889 933 2941 Paulus
962 2899 1164 2941 contra
1192 2889 1262 2945 ad
1287 2891 1398 2944 Dei
1433 2891 1714 2944 iudicium
1750 2907 1856 2942 nos
1892 2902 2143 2945 revocat.
2214 2910 2281 2945 ac
2318 2893 2509 2960 primo
2556 2889 2676 2961 quis

408 2961 542 3012 dem
566 2959 728 3012 iubet
752 2976 873 3011 esse
905 2975 1022 3011 non
1049 2961 1263 3012 otiosos
1302 2960 1714 3028 disputatores,
1764 2962 1866 3013 sed
1900 2964 2197 3025 operarios
2221 3000 2236 3029 ,
2284 2979 2397 3031 quo
2440 2960 2675 3014 nomine

408 3029 639 3097 oblique
677 3029 1016 3098 perstringit
1055 3046 1256 3083 eorum
1297 3032 1635 3091 stultitiam,
1685 3032 1784 3099 qui
1824 3030 1982 3082 nihil
2011 3031 2231 3100 agendo
2271 3039 2581 3099 tantopere
2623 3042 2677 3078 se

401 3107 700 3169 torquent.
773 3100 963 3151 Simus
991 3116 1127 3168 ergo
1154 3102 1407 3168 operarii
1437 3103 1501 3155 in
1523 3100 1877 3153 aedificanda
1902 3100 2197 3167 Ecclesia,
2237 3113 2408 3171 atque
2438 3103 2524 3153 ita
2549 3114 2679 3163 ope·
2759 3162 2764 3167 Ι

403 3188 534 3223 ram
574 3178 835 3225 nostram
878 3169 1275 3237 impendamus
1308 3173 1470 3238 Deo,
1535 3180 1612 3238 ut¹
1647 3171 1869 3224 fructus
1895 3172 2124 3241 ‘aliquis
2169 3181 2481 3240 appareatz
2542 3178 2678 3220 tunc

404 3240 564 3293 nulla
608 3241 716 3290 erit
754 3239 1124 3292 erubescendi
1166 3257 1357 3294 causa.
1433 3242 1589 3361 guia
1625 3248 1917 3310 utcunque
1948 3241 2191 3309 garrulis
2226 3238 2676 3294 osten'tatoribus

403 3309 750 3378 disputando
781 3325 947 3377 pares
978 3326 1094 3361 non
1120 3309 1295 3362 simus
1319 3348 1335 3377 ,
1371 3327 1439 3381 su
1505 3312 1620 3362 ciet
1645 3318 1839 3363 tamen
1869 3310 2218 3363 aedificandi
2252 3312 2475 3379 studio,
2514 3308 2674 3361 indu—

404 3381 585 3447 stria,
638 3379 976 3431 fortitudine
1014 3389 1071 3431 et
1113 3380 1410 3432 doctrinae
1450 3381 1712 3435 efficacia
1752 3399 1874 3434 esse
1918 3378 2256 3451 superiores,
2324 3384 2391 3433 In
2423 3393 2670 3441 summa,

401 3451 566 3514 iubet
582 3448 954 3501 Timotheum
979 3449 1244 3517 gnaviter
1263 3450 1554 3519 laborare,
1583 3459 1645 3503 ut
1670 3467 1867 3504 coram
1882 3452 2006 3504 Deo
2035 3468 2157 3504 non
2178 3450 2465 3518 pudefiat:
2504 3463 2679 3519 quum

403 3518 700 3583 ambitiosi
736 3537 916 3577 unum
947 3518 1104 3572 hunc
1144 3520 1421 3588 pudorem
1458 3521 1771 3590 horreant,
1816 3540 1889 3574 ne
1923 3523 2058 3591 quid
2087 3522 2407 3589 deperdant
2438 3538 2507 3573 ex
2552 3516 2680 3585 opi-

403 3593 580 3649 nione
623 3590 909 3642 acuminis
944 3590 1036 3642 vel
1073 3592 1410 3661 reconditae
1448 3592 1741 3645 scientiae.
1884 3592 2058 3644 Recte
2094 3606 2402 3659 secantem.
2477 3589 2679 3641 Pulcra

401 3661 779 3729 metaphora,
832 3668 890 3711 et
928 3677 1075 3730 quae
1113 3662 1256 3712 scite
1274 3661 1558 3728 exprimit
1590 3661 1955 3730 praecipuum
1987 3659 2229 3713 docendi
2259 3659 2457 3713 fin'em.
2527 3660 2677 3710 Nam

405 3728 585 3801 qun‘m
612 3731 733 3781 solo
760 3730 871 3785 Dei
901 3732 1071 3782 verbo
1098 3739 1399 3782 contentos
1438 3748 1559 3782 esse
1597 3747 1699 3785 nos
1736 3739 2030 3798 oporteat:
2085 3744 2354 3798 quorsum
2383 3728 2670 3798 quotidia-

402 3803 894 3864 naeconciones,
946 3809 1003 3853 et
1040 3801 1230 3864 ipsum
1263 3817 1489 3869 quoque
1522 3802 1821 3853 Pastorum
1856 3799 2098 3863 munus?
2147 3816 2341 3851 nonne
2377 3798 2441 3853 in
2482 3796 2671 3849 medio

405 3871 594 3941 posita
633 3881 718 3922 est
746 3869 1084 3937 Scriptura?
1153 3875 1227 3922 At
1263 3872 1475 3924 Paulus
1524 3871 1758 3923 secandi
1803 3880 1996 3939 partes
2011 3871 2370 3937 *Ductoribus
2409 3868 2682 3935 assignat,

408 3958 478 3994 ac
514 3941 564 3993 si
591 3951 756 4008 pater
785 3942 1004 3993 alendis
1028 3939 1166 3992 filiis
1195 3958 1406 4010 panem
1434 3941 1492 3991 in
1524 3941 1738 3996 frustra
1766 3942 2014 3992 secando
2044 3940 2429 3995 distribueret.
2509 3938 2679 3988 Com·

404 4011 641 4064 mendat
665 4019 860 4063 autem
887 4021 1112 4064 rectam
1138 4013 1458 4065 sectionem
1490 4010 1830 4077 Timotheo,
1871 4028 1944 4063 ne
1975 4011 2037 4061 in
2064 4011 2309 4062 secando
2339 4006 2561 4063 cortice
2587 4014 2683 4057 ‘oc-

409 4091 649 4152 cupatus
692 4084 777 4142 (ut
817 4081 1005 4133 solent
1043 4081 1229 4150 inepti
1268 4081 1558 4147 homines)
1602 4078 1786 4149 ipsam
1822 4081 2161 4141 interiorem
2190 4078 2506 4132 medullam
2533 4077 2684 4130 inta-
2731 4118 2732 4125 ,

407 4159 565 4205 ctam
609 4150 921 4218 relinquat.
999 4152 1350 4221 Quanquam
1381 4150 1731 4219 generaliter
1754 4149 1868 4202 hoc
1897 4152 2127 4202 nomine
2154 4148 2500 4220 prudentem
2530 4143 2685 4198 verbi

407 4221 912 4286 distributionem,
955 4229 1016 4271 et
1045 4237 1191 4289 quae
1212 4223 1323 4272 rite
1353 4221 1425 4274 ad
1452 4220 1726 4278 auditorii
1756 4220 2080 4289 profectum
2107 4228 2522 4286 attemperatur
2541 4254 2557 4283 ,
2595 4215 2680 4266 in·

406 4293 627 4362 telligo.
701 4290 816 4342 Alii
861 4289 1018 4341 enim
1055 4290 1389 4359 mutilant,
1419 4291 1517 4345 alii
1560 4290 1925 4361 discerpunt,
1976 4290 2078 4343 alii
2118 4298 2539 4358 contorquent,
2587 4280 2686 4336 alii

409 4362 807 4428 disrumpunt,
873 4358 975 4410 alii
1000 4357 1073 4429 -in
1111 4362 1326 4413 cortice
1373 4365 1464 4427 (ut
1499 4361 1642 4427 dixi)
1678 4358 2023 4428 haerentes,
2084 4377 2203 4412 non
2240 4358 2579 4429 perveniunt
2613 4352 2684 4405 ad

405 4432 597 4502 ipsam·
617 4429 897 4484 animam.
939 4426 1044 4483 His
1068 4430 1331 4485 omnibus
1354 4430 1511 4485 vitiis
1537 4433 1851 4506 opponitur
1873 4439 2034 4485 recta
2059 4429 2269 4499 sectio,
2306 4428 2419 4481 hoc
2443 4434 2559 4494 est,
2590 4438 2684 4478 ex·
