<?xml version="1.0" encoding="UTF-8"?>
<!DOCTYPE html PUBLIC "-//W3C//DTD XHTML 1.0 Transitional//EN"
    "http://www.w3.org/TR/xhtml1/DTD/xhtml1-transitional.dtd">
<html xmlns="http://www.w3.org/1999/xhtml" xml:lang="en" lang="en">
 <head>
  <title>
</title>
<meta http-equiv="Content-Type" content="text/html;charset=utf-8" />
  <meta name='ocr-system' content='tesseract 3.04.00' />
  <meta name='ocr-capabilities' content='ocr_page ocr_carea ocr_par ocr_line ocrx_word'/>
</head>
<body>
  <div class='ocr_page' id='page_1' title='image "./johanniscalvini00calvgoog_0042.png"; bbox 0 0 2820 4895; ppageno 0'>
   <div class='ocr_carea' id='block_1_1' title="bbox 270 262 2114 385">
    <p class='ocr_par' dir='ltr' id='par_1_1' title="bbox 270 262 2114 385">
     <span class='ocr_line' id='line_1_1' title="bbox 270 262 2114 385; baseline -0.001 -25"><span class='ocrx_word' id='word_1_1' title='bbox 270 312 273 317; x_wconf 20' lang='grc' dir='ltr'><strong><em>ε</em></strong></span> <span class='ocrx_word' id='word_1_2' title='bbox 365 296 449 360; x_wconf 75' lang='lat' dir='ltr'><strong>ss</strong></span> <span class='ocrx_word' id='word_1_3' title='bbox 912 262 1020 377; x_wconf 69' lang='lat' dir='ltr'><strong>m</strong></span> <span class='ocrx_word' id='word_1_4' title='bbox 1095 276 1716 357; x_wconf 68' lang='lat' dir='ltr'><strong>episioLA‘E.</strong></span> <span class='ocrx_word' id='word_1_5' title='bbox 1781 288 2114 385; x_wconf 59' lang='lat' dir='ltr'><strong>muni</strong></span> 
     </span>
    </p>
   </div>
   <div class='ocr_carea' id='block_1_2' title="bbox 288 453 2672 1356">
    <p class='ocr_par' dir='ltr' id='par_1_2' title="bbox 288 453 2672 1356">
     <span class='ocr_line' id='line_1_2' title="bbox 369 453 2662 530; baseline -0 -16"><span class='ocrx_word' id='word_1_6' title='bbox 369 457 669 517; x_wconf 79' lang='lat' dir='ltr'><strong>somniant</strong></span> <span class='ocrx_word' id='word_1_7' title='bbox 710 458 933 528; x_wconf 85' lang='lat' dir='ltr'><strong>absque</strong></span> <span class='ocrx_word' id='word_1_8' title='bbox 961 454 1211 530; x_wconf 79' lang='lat' dir='ltr'><strong>Spiritu.</strong></span> <span class='ocrx_word' id='word_1_9' title='bbox 1296 453 1477 524; x_wconf 75' lang='lat' dir='ltr'><strong>Atqui</strong></span> <span class='ocrx_word' id='word_1_10' title='bbox 1518 464 1839 529; x_wconf 80' lang='lat' dir='ltr'><strong>utrumque</strong></span> <span class='ocrx_word' id='word_1_11' title='bbox 1874 456 2193 515; x_wconf 86' lang='lat' dir='ltr'><strong>tenendum</strong></span> <span class='ocrx_word' id='word_1_12' title='bbox 2232 466 2356 527; x_wconf 88' lang='lat' dir='ltr'><strong>est,</strong></span> <span class='ocrx_word' id='word_1_13' title='bbox 2413 466 2662 515; x_wconf 76' lang='lat' dir='ltr'><strong>eatenus</strong></span> 
     </span>
     <span class='ocr_line' id='line_1_3' title="bbox 288 524 2663 605; baseline -0.003 -18"><span class='ocrx_word' id='word_1_14' title='bbox 288 580 291 587; x_wconf 21' lang='grc' dir='ltr'><em>Α</em></span> <span class='ocrx_word' id='word_1_15' title='bbox 369 549 476 586; x_wconf 88' lang='lat' dir='ltr'><strong>nos</strong></span> <span class='ocrx_word' id='word_1_16' title='bbox 515 530 649 583; x_wconf 84' lang='lat' dir='ltr'><strong>fieri</strong></span> <span class='ocrx_word' id='word_1_17' title='bbox 690 529 941 596; x_wconf 77' lang='lat' dir='ltr'>Spiritus</span> <span class='ocrx_word' id='word_1_18' title='bbox 983 524 1178 578; x_wconf 81' lang='lat' dir='ltr'><strong>sancti</strong></span> <span class='ocrx_word' id='word_1_19' title='bbox 1217 525 1582 593; x_wconf 71' lang='lat' dir='ltr'><strong>participes,</strong></span> <span class='ocrx_word' id='word_1_20' title='bbox 1636 539 1925 605; x_wconf 82' lang='lat' dir='ltr'><strong>quatenus</strong></span> <span class='ocrx_word' id='word_1_21' title='bbox 1968 529 2211 580; x_wconf 85' lang='lat' dir='ltr'><strong>Christo</strong></span> <span class='ocrx_word' id='word_1_22' title='bbox 2255 527 2663 580; x_wconf 77' lang='lat' dir='ltr'><strong>communica·</strong></span> 
     </span>
     <span class='ocr_line' id='line_1_4' title="bbox 367 588 2667 678; baseline -0.004 -23"><span class='ocrx_word' id='word_1_23' title='bbox 367 616 534 655; x_wconf 82' lang='lat' dir='ltr'><strong>mus:</strong></span> <span class='ocrx_word' id='word_1_24' title='bbox 600 599 738 678; x_wconf 84' lang='lat' dir='ltr'><strong>quia</strong></span> <span class='ocrx_word' id='word_1_25' title='bbox 781 613 901 648; x_wconf 91' lang='lat' dir='ltr'><strong>non</strong></span> <span class='ocrx_word' id='word_1_26' title='bbox 944 594 1089 649; x_wconf 88' lang='lat' dir='ltr'><strong>alibi</strong></span> <span class='ocrx_word' id='word_1_27' title='bbox 1132 588 1475 646; x_wconf 83' lang='lat' dir='ltr'><strong>invenietur</strong></span> <span class='ocrx_word' id='word_1_28' title='bbox 1519 594 1780 662; x_wconf 83' lang='lat' dir='ltr'><strong>Spiritus</strong></span> <span class='ocrx_word' id='word_1_29' title='bbox 1868 613 2001 648; x_wconf 80' lang='lat' dir='ltr'><strong>uam</strong></span> <span class='ocrx_word' id='word_1_30' title='bbox 2037 597 2100 648; x_wconf 89' lang='lat' dir='ltr'><strong>in</strong></span> <span class='ocrx_word' id='word_1_31' title='bbox 2144 597 2416 661; x_wconf 82' lang='lat' dir='ltr'><strong>Christo,</strong></span> <span class='ocrx_word' id='word_1_32' title='bbox 2481 610 2667 664; x_wconf 72' lang='lat' dir='ltr'><strong>super</strong></span> 
     </span>
     <span class='ocr_line' id='line_1_5' title="bbox 370 660 2668 740; baseline -0.003 -17"><span class='ocrx_word' id='word_1_33' title='bbox 370 686 549 740; x_wconf 86' lang='lat' dir='ltr'><strong>quem</strong></span> <span class='ocrx_word' id='word_1_34' title='bbox 582 665 806 719; x_wconf 82' lang='lat' dir='ltr'><strong>dicitur</strong></span> <span class='ocrx_word' id='word_1_35' title='bbox 845 674 1162 732; x_wconf 77' lang='lat' dir='ltr'><strong>propterea</strong></span> <span class='ocrx_word' id='word_1_36' title='bbox 1208 660 1574 731; x_wconf 73' lang='lat' dir='ltr'>requievisse</span> <span class='ocrx_word' id='word_1_37' title='bbox 1618 664 1836 731; x_wconf 86' lang='lat' dir='ltr'><strong>(Iesai.·</strong></span> <span class='ocrx_word' id='word_1_38' title='bbox 1884 668 1930 731; x_wconf 83' lang='lat' dir='ltr'><strong>l,</strong></span> <span class='ocrx_word' id='word_1_39' title='bbox 1964 666 2098 731; x_wconf 35' lang='lat'><strong>1.)=⁷</strong></span> <span class='ocrx_word' id='word_1_40' title='bbox 2129 682 2243 717; x_wconf 86' lang='lat' dir='ltr'><strong>nec</strong></span> <span class='ocrx_word' id='word_1_41' title='bbox 2282 665 2587 718; x_wconf 78' lang='lat' dir='ltr'>Christum</span> <span class='ocrx_word' id='word_1_42' title='bbox 2630 679 2668 715; x_wconf 78' lang='lat' dir='ltr'><strong>a.</strong></span> 
     </span>
     <span class='ocr_line' id='line_1_6' title="bbox 371 731 2663 808; baseline -0.003 -17"><span class='ocrx_word' id='word_1_43' title='bbox 371 737 604 808; x_wconf 79' lang='lat' dir='ltr'><strong>Spiritu</strong></span> <span class='ocrx_word' id='word_1_44' title='bbox 633 752 738 786; x_wconf 87' lang='lat' dir='ltr'><strong>suo</strong></span> <span class='ocrx_word' id='word_1_45' title='bbox 770 751 941 801; x_wconf 86' lang='lat' dir='ltr'><strong>posse</strong></span> <span class='ocrx_word' id='word_1_46' title='bbox 967 731 1211 797; x_wconf 85' lang='lat' dir='ltr'><strong>divelli,</strong></span> <span class='ocrx_word' id='word_1_47' title='bbox 1251 741 1317 782; x_wconf 88' lang='lat' dir='ltr'><strong>ut</strong></span> <span class='ocrx_word' id='word_1_48' title='bbox 1340 731 1421 782; x_wconf 86' lang='lat' dir='ltr'><strong>sit</strong></span> <span class='ocrx_word' id='word_1_49' title='bbox 1450 732 1616 798; x_wconf 84' lang='lat' dir='ltr'><strong>quasi</strong></span> <span class='ocrx_word' id='word_1_50' title='bbox 1649 744 1916 786; x_wconf 85' lang='lat' dir='ltr'><strong>mortuus</strong></span> <span class='ocrx_word' id='word_1_51' title='bbox 1950 743 2009 784; x_wconf 91' lang='lat' dir='ltr'><strong>et</strong></span> <span class='ocrx_word' id='word_1_52' title='bbox 2036 749 2252 786; x_wconf 78' lang='lat' dir='ltr'><strong>vacuus</strong></span> <span class='ocrx_word' id='word_1_53' title='bbox 2284 750 2386 786; x_wconf 83' lang='lat' dir='ltr'><strong>sua</strong></span> <span class='ocrx_word' id='word_1_54' title='bbox 2419 732 2663 785; x_wconf 87' lang='lat' dir='ltr'><strong>virtute.</strong></span> 
     </span>
     <span class='ocr_line' id='line_1_7' title="bbox 371 798 2669 870; baseline -0.003 -12"><span class='ocrx_word' id='word_1_55' title='bbox 371 810 534 861; x_wconf 89' lang='lat' dir='ltr'><strong>Bene</strong></span> <span class='ocrx_word' id='word_1_56' title='bbox 580 820 723 870; x_wconf 77' lang='lat' dir='ltr'><strong>ergo</strong></span> <span class='ocrx_word' id='word_1_57' title='bbox 757 802 967 853; x_wconf 84' lang='lat' dir='ltr'><strong>Paulus</strong></span> <span class='ocrx_word' id='word_1_58' title='bbox 1010 818 1111 852; x_wconf 87' lang='lat' dir='ltr'><strong>eos</strong></span> <span class='ocrx_word' id='word_1_59' title='bbox 1152 798 1458 870; x_wconf 72' lang='lat' dir='ltr'><strong>spirituali</strong></span> <span class='ocrx_word' id='word_1_60' title='bbox 1490 800 1605 852; x_wconf 89' lang='lat' dir='ltr'><strong>Dei</strong></span> <span class='ocrx_word' id='word_1_61' title='bbox 1640 800 1860 854; x_wconf 80' lang='lat' dir='ltr'><strong>virtute</strong></span> <span class='ocrx_word' id='word_1_62' title='bbox 1890 801 2119 870; x_wconf 81' lang='lat' dir='ltr'><strong>pollere</strong></span> <span class='ocrx_word' id='word_1_63' title='bbox 2145 803 2390 867; x_wconf 76' lang='lat' dir='ltr'><strong>definit,</strong></span> <span class='ocrx_word' id='word_1_64' title='bbox 2430 802 2490 852; x_wconf 88' lang='lat' dir='ltr'><strong>in</strong></span> <span class='ocrx_word' id='word_1_65' title='bbox 2570 798 2669 851; x_wconf 84' lang='lat' dir='ltr'><strong>ui-</strong></span> 
     </span>
     <span class='ocr_line' id='line_1_8' title="bbox 373 867 2669 950; baseline -0.004 -21"><span class='ocrx_word' id='word_1_66' title='bbox 373 877 486 929; x_wconf 82' lang='lat' dir='ltr'><strong>bus</strong></span> <span class='ocrx_word' id='word_1_67' title='bbox 515 873 782 925; x_wconf 79' lang='lat' dir='ltr'><strong>Christus</strong></span> <span class='ocrx_word' id='word_1_68' title='bbox 816 870 1069 922; x_wconf 84' lang='lat' dir='ltr'><strong>habitat.</strong></span> <span class='ocrx_word' id='word_1_69' title='bbox 1113 879 1345 936; x_wconf 84' lang='lat' dir='ltr'><strong>partem</strong></span> <span class='ocrx_word' id='word_1_70' title='bbox 1377 868 1556 919; x_wconf 87' lang='lat' dir='ltr'><strong>etiam</strong></span> <span class='ocrx_word' id='word_1_71' title='bbox 1588 867 1894 938; x_wconf 84' lang='lat' dir='ltr'><strong>designat,</strong></span> <span class='ocrx_word' id='word_1_72' title='bbox 1934 871 2033 922; x_wconf 83' lang='lat' dir='ltr'><strong>ubi</strong></span> <span class='ocrx_word' id='word_1_73' title='bbox 2065 869 2336 950; x_wconf 72' lang='lat' dir='ltr'><strong>legitima</strong></span> <span class='ocrx_word' id='word_1_74' title='bbox 2366 879 2455 921; x_wconf 84' lang='lat' dir='ltr'><strong>est</strong></span> <span class='ocrx_word' id='word_1_75' title='bbox 2487 872 2530 921; x_wconf 94' lang='lat' dir='ltr'><strong>C</strong></span> <span class='ocrx_word' id='word_1_76' title='bbox 2579 867 2669 919; x_wconf 82' lang='lat' dir='ltr'><strong>ri·</strong></span> 
     </span>
     <span class='ocr_line' id='line_1_9' title="bbox 375 937 2668 1008; baseline -0.004 -11"><span class='ocrx_word' id='word_1_77' title='bbox 375 944 460 999; x_wconf 84' lang='lat' dir='ltr'><strong>sti</strong></span> <span class='ocrx_word' id='word_1_78' title='bbox 488 944 682 1005; x_wconf 84' lang='lat' dir='ltr'><strong>sedes,</strong></span> <span class='ocrx_word' id='word_1_79' title='bbox 716 956 926 1007; x_wconf 83' lang='lat' dir='ltr'>nempe</span> <span class='ocrx_word' id='word_1_80' title='bbox 955 955 1092 992; x_wconf 85' lang='lat' dir='ltr'><strong>cor:</strong></span> <span class='ocrx_word' id='word_1_81' title='bbox 1147 947 1212 989; x_wconf 89' lang='lat' dir='ltr'><strong>ut</strong></span> <span class='ocrx_word' id='word_1_82' title='bbox 1242 937 1532 1002; x_wconf 84' lang='lat' dir='ltr'><strong>sciamus,</strong></span> <span class='ocrx_word' id='word_1_83' title='bbox 1583 954 1705 989; x_wconf 88' lang='lat' dir='ltr'><strong>uon</strong></span> <span class='ocrx_word' id='word_1_84' title='bbox 1735 939 1881 990; x_wconf 85' lang='lat' dir='ltr'><strong>satis</strong></span> <span class='ocrx_word' id='word_1_85' title='bbox 1912 954 2036 991; x_wconf 81' lang='lat' dir='ltr'><strong>esse</strong></span> <span class='ocrx_word' id='word_1_86' title='bbox 2063 938 2113 990; x_wconf 87' lang='lat' dir='ltr'><strong>si</strong></span> <span class='ocrx_word' id='word_1_87' title='bbox 2141 955 2205 990; x_wconf 82' lang='lat' dir='ltr'><strong>in</strong></span> <span class='ocrx_word' id='word_1_88' title='bbox 2229 941 2435 1008; x_wconf 84' lang='lat' dir='ltr'><strong>lingua</strong></span> <span class='ocrx_word' id='word_1_89' title='bbox 2463 953 2668 989; x_wconf 87' lang='lat' dir='ltr'><strong>verse-</strong></span> 
     </span>
     <span class='ocr_line' id='line_1_10' title="bbox 373 1006 2665 1077; baseline -0.003 -12"><span class='ocrx_word' id='word_1_90' title='bbox 373 1024 508 1077; x_wconf 87' lang='lat' dir='ltr'><strong>tur,</strong></span> <span class='ocrx_word' id='word_1_91' title='bbox 555 1017 655 1062; x_wconf 89' lang='lat' dir='ltr'><strong>aut</strong></span> <span class='ocrx_word' id='word_1_92' title='bbox 693 1008 1048 1069; x_wconf 47' lang='lat' dir='ltr'><strong>inscerebro</strong></span> <span class='ocrx_word' id='word_1_93' title='bbox 1092 1006 1325 1057; x_wconf 74' lang='lat' dir='ltr'><strong>volitet.</strong></span> <span class='ocrx_word' id='word_1_94' title='bbox 1393 1006 1654 1059; x_wconf 87' lang='lat' dir='ltr'><strong>·Modum</strong></span> <span class='ocrx_word' id='word_1_95' title='bbox 1685 1017 1991 1074; x_wconf 85' lang='lat' dir='ltr'><strong>praeterea</strong></span> <span class='ocrx_word' id='word_1_96' title='bbox 2024 1008 2340 1075; x_wconf 79' lang='lat' dir='ltr'><strong>exprimit,</strong></span> <span class='ocrx_word' id='word_1_97' title='bbox 2365 1024 2499 1076; x_wconf 29' lang='lat' dir='ltr'><strong>*quo</strong></span> <span class='ocrx_word' id='word_1_98' title='bbox 2526 1015 2665 1057; x_wconf 82' lang='lat' dir='ltr'><strong>tan·</strong></span> 
     </span>
     <span class='ocr_line' id='line_1_11' title="bbox 374 1072 2668 1145; baseline -0.003 -11"><span class='ocrx_word' id='word_1_99' title='bbox 374 1092 508 1134; x_wconf 84' lang='lat' dir='ltr'><strong>tum</strong></span> <span class='ocrx_word' id='word_1_100' title='bbox 543 1082 765 1132; x_wconf 83' lang='lat' dir='ltr'><strong>bonum</strong></span> <span class='ocrx_word' id='word_1_101' title='bbox 802 1076 1128 1127; x_wconf 80' lang='lat' dir='ltr'><strong>obtinetur.</strong></span> <span class='ocrx_word' id='word_1_102' title='bbox 1211 1073 1474 1140; x_wconf 67' lang='lat' dir='ltr'><strong>Habitu,</strong></span> <span class='ocrx_word' id='word_1_103' title='bbox 1521 1075 1897 1145; x_wconf 66' lang='lat' dir='ltr'><strong>inquit,‘per</strong></span> <span class='ocrx_word' id='word_1_104' title='bbox 1916 1077 2120 1145; x_wconf 81' lang='lat' dir='ltr'><strong>fidem.</strong></span> <span class='ocrx_word' id='word_1_105' title='bbox 2170 1076 2477 1145; x_wconf 83' lang='lat' dir='ltr'><strong>praeclara</strong></span> <span class='ocrx_word' id='word_1_106' title='bbox 2518 1072 2668 1127; x_wconf 81' lang='lat' dir='ltr'><strong>fidei</strong></span> 
     </span>
     <span class='ocr_line' id='line_1_12' title="bbox 373 1142 2671 1216; baseline -0.003 -13"><span class='ocrx_word' id='word_1_107' title='bbox 373 1151 535 1216; x_wconf 81' lang='lat' dir='ltr'><strong>laus,</strong></span> <span class='ocrx_word' id='word_1_108' title='bbox 588 1146 747 1216; x_wconf 86' lang='lat' dir='ltr'><strong>quod</strong></span> <span class='ocrx_word' id='word_1_109' title='bbox 773 1145 956 1198; x_wconf 84' lang='lat' dir='ltr'><strong>Filius</strong></span> <span class='ocrx_word' id='word_1_110' title='bbox 982 1143 1097 1196; x_wconf 87' lang='lat' dir='ltr'><strong>Dei</strong></span> <span class='ocrx_word' id='word_1_111' title='bbox 1139 1158 1249 1211; x_wconf 89' lang='lat' dir='ltr'><strong>per</strong></span> <span class='ocrx_word' id='word_1_112' title='bbox 1285 1142 1306 1193; x_wconf 93' lang='lat' dir='ltr'><strong>i</strong></span> <span class='ocrx_word' id='word_1_113' title='bbox 1352 1158 1474 1194; x_wconf 81' lang='lat' dir='ltr'><strong>sam</strong></span> <span class='ocrx_word' id='word_1_114' title='bbox 1511 1154 1714 1196; x_wconf 83' lang='lat' dir='ltr'><strong>noster</strong></span> <span class='ocrx_word' id='word_1_115' title='bbox 1750 1144 2047 1209; x_wconf 77' lang='lat' dir='ltr'><strong>efficitur,</strong></span> <span class='ocrx_word' id='word_1_116' title='bbox 2083 1153 2155 1211; x_wconf 62' lang='lat' dir='ltr'><strong>&gt;it</strong></span> <span class='ocrx_word' id='word_1_117' title='bbox 2185 1144 2565 1199; x_wconf 81' lang='lat' dir='ltr'><strong>domicilium</strong></span> <span class='ocrx_word' id='word_1_118' title='bbox 2601 1143 2671 1195; x_wconf 86' lang='lat' dir='ltr'><strong>in</strong></span> 
     </span>
     <span class='ocr_line' id='line_1_13' title="bbox 374 1211 2672 1283; baseline -0.004 -12"><span class='ocrx_word' id='word_1_119' title='bbox 374 1217 549 1272; x_wconf 82' lang='lat' dir='ltr'><strong>nobis</strong></span> <span class='ocrx_word' id='word_1_120' title='bbox 594 1216 826 1267; x_wconf 83' lang='lat' dir='ltr'><strong>habeat.</strong></span> <span class='ocrx_word' id='word_1_121' title='bbox 880 1224 1077 1281; x_wconf 88' lang='lat' dir='ltr'><strong>neque</strong></span> <span class='ocrx_word' id='word_1_122' title='bbox 1110 1211 1271 1263; x_wconf 89' lang='lat' dir='ltr'><strong>enim</strong></span> <span class='ocrx_word' id='word_1_123' title='bbox 1346 1214 1415 1263; x_wconf 85' lang='lat' dir='ltr'><strong>de</strong></span> <span class='ocrx_word' id='word_1_124' title='bbox 1446 1211 1637 1264; x_wconf 81' lang='lat' dir='ltr'><strong>solum</strong></span> <span class='ocrx_word' id='word_1_125' title='bbox 1668 1216 2046 1282; x_wconf 72' lang='lat' dir='ltr'><strong>agnoscimus</strong></span> <span class='ocrx_word' id='word_1_126' title='bbox 2075 1213 2382 1267; x_wconf 81' lang='lat' dir='ltr'><strong>Christum</strong></span> <span class='ocrx_word' id='word_1_127' title='bbox 2412 1224 2523 1283; x_wconf 86' lang='lat' dir='ltr'><strong>pro</strong></span> <span class='ocrx_word' id='word_1_128' title='bbox 2556 1228 2672 1263; x_wconf 85' lang='lat' dir='ltr'><strong>no·</strong></span> 
     </span>
     <span class='ocr_line' id='line_1_14' title="bbox 340 1279 2667 1356; baseline -0.003 -16"><span class='ocrx_word' id='word_1_129' title='bbox 340 1279 471 1341; x_wconf 63' lang='lat' dir='ltr'><strong>”bis</strong></span> <span class='ocrx_word' id='word_1_130' title='bbox 502 1301 773 1356; x_wconf 87' lang='lat' dir='ltr'><strong>passum,</strong></span> <span class='ocrx_word' id='word_1_131' title='bbox 826 1290 887 1333; x_wconf 88' lang='lat' dir='ltr'><strong>et</strong></span> <span class='ocrx_word' id='word_1_132' title='bbox 916 1296 1022 1350; x_wconf 88' lang='lat' dir='ltr'><strong>pro</strong></span> <span class='ocrx_word' id='word_1_133' title='bbox 1052 1279 1216 1333; x_wconf 86' lang='lat' dir='ltr'><strong>nobis</strong></span> <span class='ocrx_word' id='word_1_134' title='bbox 1245 1297 1279 1333; x_wconf 87' lang='lat' dir='ltr'><strong>a</strong></span> <span class='ocrx_word' id='word_1_135' title='bbox 1306 1288 1503 1331; x_wconf 85' lang='lat' dir='ltr'><strong>morte</strong></span> <span class='ocrx_word' id='word_1_136' title='bbox 1529 1281 1910 1336; x_wconf 83' lang='lat' dir='ltr'><strong>suscitatum:</strong></span> <span class='ocrx_word' id='word_1_137' title='bbox 1964 1284 2264 1349; x_wconf 75' lang='lat' dir='ltr'><strong>sedeam,</strong></span> <span class='ocrx_word' id='word_1_138' title='bbox 2308 1294 2373 1338; x_wconf 90' lang='lat' dir='ltr'><strong>ut</strong></span> <span class='ocrx_word' id='word_1_139' title='bbox 2398 1302 2459 1336; x_wconf 91' lang='lat' dir='ltr'><strong>se</strong></span> <span class='ocrx_word' id='word_1_140' title='bbox 2487 1279 2667 1335; x_wconf 79' lang='lat' dir='ltr'><strong>nobis</strong></span> 
     </span>
    </p>
   </div>
   <div class='ocr_carea' id='block_1_3' title="bbox 380 1344 2774 1423">
    <p class='ocr_par' dir='ltr' id='par_1_3' title="bbox 380 1344 2774 1423">
     <span class='ocr_line' id='line_1_15' title="bbox 380 1344 2774 1423; baseline -0.005 -13"><span class='ocrx_word' id='word_1_141' title='bbox 380 1357 560 1410; x_wconf 83' lang='lat' dir='ltr'><strong>offert</strong></span> <span class='ocrx_word' id='word_1_142' title='bbox 587 1352 1013 1423; x_wconf 85' lang='lat' dir='ltr'><strong>possidendum</strong></span> <span class='ocrx_word' id='word_1_143' title='bbox 1045 1367 1113 1400; x_wconf 87' lang='lat' dir='ltr'><strong>ac</strong></span> <span class='ocrx_word' id='word_1_144' title='bbox 1145 1344 1480 1416; x_wconf 80' lang='lat' dir='ltr'><strong>fruendum,</strong></span> <span class='ocrx_word' id='word_1_145' title='bbox 1516 1349 1877 1420; x_wconf 78' lang='lat' dir='ltr'><strong>recipimus:</strong></span> <span class='ocrx_word' id='word_1_146' title='bbox 1919 1353 2074 1421; x_wconf 81' lang='lat' dir='ltr'><strong>quod</strong></span> <span class='ocrx_word' id='word_1_147' title='bbox 2102 1351 2423 1422; x_wconf 59' lang='lat' dir='ltr'><strong>diligenter</strong></span> <span class='ocrx_word' id='word_1_148' title='bbox 2452 1360 2671 1403; x_wconf 80' lang='lat' dir='ltr'><strong>notan·</strong></span> <span class='ocrx_word' id='word_1_149' title='bbox 2711 1360 2716 1365; x_wconf 82' lang='lat'><em>‘</em></span> <span class='ocrx_word' id='word_1_150' title='bbox 2770 1359 2774 1364; x_wconf 86' lang='lat'><em>·</em></span> 
     </span>
    </p>
   </div>
   <div class='ocr_carea' id='block_1_4' title="bbox 308 1417 2729 4509">
    <p class='ocr_par' dir='ltr' id='par_1_4' title="bbox 308 1417 2729 4509">
     <span class='ocr_line' id='line_1_16' title="bbox 377 1417 2668 1490; baseline -0.004 -11"><span class='ocrx_word' id='word_1_151' title='bbox 377 1428 521 1480; x_wconf 86' lang='lat' dir='ltr'><strong>dum</strong></span> <span class='ocrx_word' id='word_1_152' title='bbox 566 1432 676 1474; x_wconf 86' lang='lat' dir='ltr'><strong>est.</strong></span> <span class='ocrx_word' id='word_1_153' title='bbox 743 1420 1023 1488; x_wconf 72' lang='lat' dir='ltr'><strong>Plerique</strong></span> <span class='ocrx_word' id='word_1_154' title='bbox 1060 1434 1169 1487; x_wconf 90' lang='lat' dir='ltr'><strong>pro</strong></span> <span class='ocrx_word' id='word_1_155' title='bbox 1212 1417 1423 1471; x_wconf 91' lang='lat' dir='ltr'><strong>eodem</strong></span> <span class='ocrx_word' id='word_1_156' title='bbox 1463 1419 1799 1488; x_wconf 82' lang='lat' dir='ltr'><strong>accipiunt,</strong></span> <span class='ocrx_word' id='word_1_157' title='bbox 1850 1418 2075 1474; x_wconf 86' lang='lat' dir='ltr'><strong>Christi</strong></span> <span class='ocrx_word' id='word_1_158' title='bbox 2105 1436 2241 1472; x_wconf 64' lang='lat' dir='ltr'><strong>‘esse</strong></span> <span class='ocrx_word' id='word_1_159' title='bbox 2282 1420 2668 1490; x_wconf 79' lang='lat' dir='ltr'><strong>participem,</strong></span> 
     </span>
     <span class='ocr_line' id='line_1_17' title="bbox 378 1484 2669 1559; baseline -0.004 -10"><span class='ocrx_word' id='word_1_160' title='bbox 378 1503 440 1549; x_wconf 87' lang='lat' dir='ltr'><strong>et</strong></span> <span class='ocrx_word' id='word_1_161' title='bbox 474 1493 713 1546; x_wconf 84' lang='lat' dir='ltr'><strong>Christo</strong></span> <span class='ocrx_word' id='word_1_162' title='bbox 756 1489 1015 1542; x_wconf 88' lang='lat' dir='ltr'><strong>credere.</strong></span> <span class='ocrx_word' id='word_1_163' title='bbox 1068 1484 1234 1556; x_wconf 78' lang='lat' dir='ltr'><strong>atqui</strong></span> <span class='ocrx_word' id='word_1_164' title='bbox 1263 1487 1638 1556; x_wconf 86' lang='lat' dir='ltr'><strong>participatio</strong></span> <span class='ocrx_word' id='word_1_165' title='bbox 1659 1525 1677 1554; x_wconf 88' lang='lat'>,</span> <span class='ocrx_word' id='word_1_166' title='bbox 1714 1505 1888 1559; x_wconf 86' lang='lat' dir='ltr'><strong>quam</strong></span> <span class='ocrx_word' id='word_1_167' title='bbox 1918 1489 2201 1542; x_wconf 84' lang='lat' dir='ltr'><strong>habemus</strong></span> <span class='ocrx_word' id='word_1_168' title='bbox 2232 1507 2365 1543; x_wconf 86' lang='lat' dir='ltr'><strong>cum</strong></span> <span class='ocrx_word' id='word_1_169' title='bbox 2388 1489 2669 1552; x_wconf 79' lang='lat' dir='ltr'><strong>Christo,</strong></span> 
     </span>
     <span class='ocr_line' id='line_1_18' title="bbox 379 1552 2672 1626; baseline -0.003 -11"><span class='ocrx_word' id='word_1_170' title='bbox 379 1572 473 1615; x_wconf 82' lang='lat' dir='ltr'><strong>est</strong></span> <span class='ocrx_word' id='word_1_171' title='bbox 492 1561 638 1615; x_wconf 79' lang='lat' dir='ltr'><strong>fidei</strong></span> <span class='ocrx_word' id='word_1_172' title='bbox 671 1559 941 1610; x_wconf 79' lang='lat' dir='ltr'><strong>effectus.</strong></span> <span class='ocrx_word' id='word_1_173' title='bbox 1011 1554 1249 1609; x_wconf 86' lang='lat' dir='ltr'><strong>Summa</strong></span> <span class='ocrx_word' id='word_1_174' title='bbox 1277 1554 1392 1610; x_wconf 71' lang='lat' dir='ltr'><strong>site</strong></span> <span class='ocrx_word' id='word_1_175' title='bbox 1431 1552 1567 1610; x_wconf 87' lang='lat' dir='ltr'><strong>Non</strong></span> <span class='ocrx_word' id='word_1_176' title='bbox 1594 1558 1806 1626; x_wconf 87' lang='lat' dir='ltr'><strong>procul</strong></span> <span class='ocrx_word' id='word_1_177' title='bbox 1832 1559 2185 1611; x_wconf 85' lang='lat' dir='ltr'><strong>intuendum</strong></span> <span class='ocrx_word' id='word_1_178' title='bbox 2212 1575 2337 1611; x_wconf 89' lang='lat' dir='ltr'><strong>esse</strong></span> <span class='ocrx_word' id='word_1_179' title='bbox 2357 1559 2672 1610; x_wconf 83' lang='lat' dir='ltr'><strong>Christum</strong></span> 
     </span>
     <span class='ocr_line' id='line_1_19' title="bbox 377 1624 2670 1696; baseline -0.003 -11"><span class='ocrx_word' id='word_1_180' title='bbox 377 1633 534 1696; x_wconf 84' lang='lat' dir='ltr'><strong>fide,</strong></span> <span class='ocrx_word' id='word_1_181' title='bbox 588 1628 691 1681; x_wconf 88' lang='lat' dir='ltr'><strong>sed</strong></span> <span class='ocrx_word' id='word_1_182' title='bbox 726 1624 1131 1693; x_wconf 87' lang='lat' dir='ltr'><strong>recipiendum</strong></span> <span class='ocrx_word' id='word_1_183' title='bbox 1174 1640 1297 1676; x_wconf 87' lang='lat' dir='ltr'><strong>esse</strong></span> <span class='ocrx_word' id='word_1_184' title='bbox 1332 1625 1566 1679; x_wconf 84' lang='lat' dir='ltr'><strong>animae</strong></span> <span class='ocrx_word' id='word_1_185' title='bbox 1605 1636 1845 1680; x_wconf 88' lang='lat' dir='ltr'><strong>nostrae</strong></span> <span class='ocrx_word' id='word_1_186' title='bbox 1883 1627 2229 1695; x_wconf 79' lang='lat' dir='ltr'><strong>complexu,</strong></span> <span class='ocrx_word' id='word_1_187' title='bbox 2281 1635 2347 1680; x_wconf 87' lang='lat' dir='ltr'><strong>ut</strong></span> <span class='ocrx_word' id='word_1_188' title='bbox 2385 1626 2446 1678; x_wconf 90' lang='lat' dir='ltr'><strong>in</strong></span> <span class='ocrx_word' id='word_1_189' title='bbox 2486 1626 2670 1678; x_wconf 74' lang='lat' dir='ltr'><strong>nobis</strong></span> 
     </span>
     <span class='ocr_line' id='line_1_20' title="bbox 378 1691 2674 1765; baseline -0.007 -11"><span class='ocrx_word' id='word_1_190' title='bbox 378 1700 648 1754; x_wconf 81' lang='lat' dir='ltr'><strong>habitet:</strong></span> <span class='ocrx_word' id='word_1_191' title='bbox 688 1705 869 1765; x_wconf 85' lang='lat' dir='ltr'><strong>atque</strong></span> <span class='ocrx_word' id='word_1_192' title='bbox 895 1694 1010 1746; x_wconf 86' lang='lat' dir='ltr'><strong>hoc</strong></span> <span class='ocrx_word' id='word_1_193' title='bbox 1039 1691 1213 1745; x_wconf 87' lang='lat' dir='ltr'><strong>modo</strong></span> <span class='ocrx_word' id='word_1_194' title='bbox 1244 1692 1402 1761; x_wconf 82' lang='lat' dir='ltr'><strong>fieri,</strong></span> <span class='ocrx_word' id='word_1_195' title='bbox 1441 1702 1509 1749; x_wconf 79' lang='lat' dir='ltr'><strong>nt</strong></span> <span class='ocrx_word' id='word_1_196' title='bbox 1526 1694 1747 1764; x_wconf 81' lang='lat' dir='ltr'><strong>Spiritu</strong></span> <span class='ocrx_word' id='word_1_197' title='bbox 1766 1696 1882 1751; x_wconf 88' lang='lat' dir='ltr'><strong>Dei</strong></span> <span class='ocrx_word' id='word_1_198' title='bbox 1913 1695 2296 1763; x_wconf 64' lang='lat' dir='ltr'><strong>impleamur.-</strong></span> <span class='ocrx_word' id='word_1_199' title='bbox 2435 1696 2514 1746; x_wconf 75' lang='lat' dir='ltr'><strong>Ut</strong></span> <span class='ocrx_word' id='word_1_200' title='bbox 2538 1694 2674 1745; x_wconf 69' lang='lat' dir='ltr'><strong>sitis</strong></span> 
     </span>
     <span class='ocr_line' id='line_1_21' title="bbox 379 1761 2672 1833; baseline -0.003 -12"><span class='ocrx_word' id='word_1_201' title='bbox 379 1773 442 1825; x_wconf 75' lang='lat' dir='ltr'><strong>in</strong></span> <span class='ocrx_word' id='word_1_202' title='bbox 477 1767 733 1821; x_wconf 71' lang='lat' dir='ltr'><strong>caritate.</strong></span> <span class='ocrx_word' id='word_1_203' title='bbox 825 1763 1117 1815; x_wconf 84' lang='lat' dir='ltr'><strong>Recenset</strong></span> <span class='ocrx_word' id='word_1_204' title='bbox 1150 1762 1382 1817; x_wconf 79' lang='lat' dir='ltr'><strong>fructus</strong></span> <span class='ocrx_word' id='word_1_205' title='bbox 1423 1761 1849 1829; x_wconf 71' lang='lat' dir='ltr'><strong>habitationis,</strong></span> <span class='ocrx_word' id='word_1_206' title='bbox 1907 1765 2254 1833; x_wconf 85' lang='lat' dir='ltr'><strong>caritatem,</strong></span> <span class='ocrx_word' id='word_1_207' title='bbox 2306 1776 2365 1816; x_wconf 90' lang='lat' dir='ltr'><strong>et</strong></span> <span class='ocrx_word' id='word_1_208' title='bbox 2402 1761 2672 1833; x_wconf 85' lang='lat' dir='ltr'><strong>agnitio-</strong></span> 
     </span>
     <span class='ocr_line' id='line_1_22' title="bbox 383 1828 2673 1902; baseline -0.004 -11"><span class='ocrx_word' id='word_1_209' title='bbox 383 1855 523 1891; x_wconf 86' lang='lat' dir='ltr'><strong>nem</strong></span> <span class='ocrx_word' id='word_1_210' title='bbox 562 1836 797 1887; x_wconf 84' lang='lat' dir='ltr'><strong>divinae</strong></span> <span class='ocrx_word' id='word_1_211' title='bbox 832 1828 1092 1899; x_wconf 75' lang='lat' dir='ltr'><strong>gratiae,⁸</strong></span> <span class='ocrx_word' id='word_1_212' title='bbox 1123 1840 1182 1883; x_wconf 86' lang='lat' dir='ltr'><strong>et</strong></span> <span class='ocrx_word' id='word_1_213' title='bbox 1207 1831 1329 1884; x_wconf 86' lang='lat' dir='ltr'><strong>eius</strong></span> <span class='ocrx_word' id='word_1_214' title='bbox 1358 1832 1579 1885; x_wconf 81' lang='lat' dir='ltr'><strong>amoris</strong></span> <span class='ocrx_word' id='word_1_215' title='bbox 1605 1832 1705 1902; x_wconf 89' lang='lat' dir='ltr'><strong>qui</strong></span> <span class='ocrx_word' id='word_1_216' title='bbox 1731 1834 1897 1886; x_wconf 89' lang='lat' dir='ltr'><strong>nobis</strong></span> <span class='ocrx_word' id='word_1_217' title='bbox 1927 1833 2225 1887; x_wconf 83' lang='lat' dir='ltr'><strong>exhibitus</strong></span> <span class='ocrx_word' id='word_1_218' title='bbox 2249 1834 2368 1887; x_wconf 80' lang='lat' dir='ltr'><strong>fuit</strong></span> <span class='ocrx_word' id='word_1_219' title='bbox 2398 1834 2459 1884; x_wconf 92' lang='lat' dir='ltr'><strong>in</strong></span> <span class='ocrx_word' id='word_1_220' title='bbox 2487 1830 2673 1883; x_wconf 86' lang='lat' dir='ltr'><strong>Chri-</strong></span> 
     </span>
     <span class='ocr_line' id='line_1_23' title="bbox 380 1899 2673 1970; baseline -0.004 -10"><span class='ocrx_word' id='word_1_221' title='bbox 380 1915 492 1961; x_wconf 86' lang='lat' dir='ltr'><strong>sto.</strong></span> <span class='ocrx_word' id='word_1_222' title='bbox 576 1904 746 1955; x_wconf 87' lang='lat' dir='ltr'><strong>Hanc</strong></span> <span class='ocrx_word' id='word_1_223' title='bbox 785 1901 1029 1952; x_wconf 86' lang='lat' dir='ltr'><strong>eandem</strong></span> <span class='ocrx_word' id='word_1_224' title='bbox 1072 1916 1196 1951; x_wconf 88' lang='lat' dir='ltr'><strong>esse</strong></span> <span class='ocrx_word' id='word_1_225' title='bbox 1236 1916 1437 1953; x_wconf 82' lang='lat' dir='ltr'><strong>veram</strong></span> <span class='ocrx_word' id='word_1_226' title='bbox 1474 1912 1533 1951; x_wconf 87' lang='lat' dir='ltr'><strong>et</strong></span> <span class='ocrx_word' id='word_1_227' title='bbox 1568 1902 1818 1954; x_wconf 83' lang='lat' dir='ltr'><strong>solidam</strong></span> <span class='ocrx_word' id='word_1_228' title='bbox 1853 1903 2083 1957; x_wconf 83' lang='lat' dir='ltr'><strong>animae</strong></span> <span class='ocrx_word' id='word_1_229' title='bbox 2110 1903 2426 1968; x_wconf 85' lang='lat' dir='ltr'><strong>virtutem,</strong></span> <span class='ocrx_word' id='word_1_230' title='bbox 2464 1899 2673 1970; x_wconf 87' lang='lat' dir='ltr'><strong>sequi-</strong></span> 
     </span>
     <span class='ocr_line' id='line_1_24' title="bbox 377 1966 2673 2040; baseline -0.003 -15"><span class='ocrx_word' id='word_1_231' title='bbox 377 1985 505 2028; x_wconf 80' lang='lat' dir='ltr'><strong>tur.</strong></span> <span class='ocrx_word' id='word_1_232' title='bbox 559 1973 695 2024; x_wconf 86' lang='lat' dir='ltr'><strong>ideo</strong></span> <span class='ocrx_word' id='word_1_233' title='bbox 737 1971 960 2040; x_wconf 83' lang='lat' dir='ltr'><strong>quoties</strong></span> <span class='ocrx_word' id='word_1_234' title='bbox 1001 1970 1072 2020; x_wconf 89' lang='lat' dir='ltr'><strong>de</strong></span> <span class='ocrx_word' id='word_1_235' title='bbox 1115 1980 1460 2022; x_wconf 85' lang='lat' dir='ltr'><strong>sanctorum</strong></span> <span class='ocrx_word' id='word_1_236' title='bbox 1492 1971 1866 2037; x_wconf 67' lang='lat' dir='ltr'><strong>perfectique</strong></span> <span class='ocrx_word' id='word_1_237' title='bbox 1897 1966 2061 2040; x_wconf 83' lang='lat' dir='ltr'><strong>agit,</strong></span> <span class='ocrx_word' id='word_1_238' title='bbox 2101 1972 2323 2024; x_wconf 82' lang='lat' dir='ltr'><strong>duabus</strong></span> <span class='ocrx_word' id='word_1_239' title='bbox 2349 1971 2439 2023; x_wconf 84' lang='lat' dir='ltr'><strong>his</strong></span> <span class='ocrx_word' id='word_1_240' title='bbox 2473 1970 2673 2039; x_wconf 85' lang='lat' dir='ltr'><strong>parti-</strong></span> 
     </span>
     <span class='ocr_line' id='line_1_25' title="bbox 378 2037 2672 2109; baseline -0.004 -11"><span class='ocrx_word' id='word_1_241' title='bbox 378 2045 489 2099; x_wconf 80' lang='lat' dir='ltr'><strong>bus</strong></span> <span class='ocrx_word' id='word_1_242' title='bbox 531 2059 658 2094; x_wconf 87' lang='lat' dir='ltr'><strong>eam</strong></span> <span class='ocrx_word' id='word_1_243' title='bbox 704 2040 974 2092; x_wconf 80' lang='lat' dir='ltr'><strong>constare</strong></span> <span class='ocrx_word' id='word_1_244' title='bbox 1013 2038 1207 2089; x_wconf 87' lang='lat' dir='ltr'><strong>docet.</strong></span> <span class='ocrx_word' id='word_1_245' title='bbox 1278 2037 1449 2103; x_wconf 85' lang='lat' dir='ltr'><strong>Duae</strong></span> <span class='ocrx_word' id='word_1_246' title='bbox 1479 2037 1932 2105; x_wconf 85' lang='lat' dir='ltr'><strong>similitudines,</strong></span> <span class='ocrx_word' id='word_1_247' title='bbox 1971 2056 2113 2109; x_wconf 86' lang='lat' dir='ltr'><strong>quas</strong></span> <span class='ocrx_word' id='word_1_248' title='bbox 2144 2042 2434 2106; x_wconf 53' lang='lat' dir='ltr'><strong>adhibet„</strong></span> <span class='ocrx_word' id='word_1_249' title='bbox 2464 2037 2672 2107; x_wconf 86' lang='lat' dir='ltr'><strong>expri-</strong></span> 
     </span>
     <span class='ocr_line' id='line_1_26' title="bbox 379 2104 2671 2179; baseline -0.004 -14"><span class='ocrx_word' id='word_1_250' title='bbox 379 2119 590 2176; x_wconf 83' lang='lat' dir='ltr'><strong>munt,</strong></span> <span class='ocrx_word' id='word_1_251' title='bbox 639 2125 813 2179; x_wconf 88' lang='lat' dir='ltr'><strong>quam</strong></span> <span class='ocrx_word' id='word_1_252' title='bbox 854 2106 1024 2158; x_wconf 82' lang='lat' dir='ltr'><strong>firma</strong></span> <span class='ocrx_word' id='word_1_253' title='bbox 1062 2114 1119 2157; x_wconf 90' lang='lat' dir='ltr'><strong>et</strong></span> <span class='ocrx_word' id='word_1_254' title='bbox 1161 2115 1439 2159; x_wconf 87' lang='lat' dir='ltr'><strong>constans</strong></span> <span class='ocrx_word' id='word_1_255' title='bbox 1479 2105 1691 2160; x_wconf 78' lang='lat' dir='ltr'><strong>debeat</strong></span> <span class='ocrx_word' id='word_1_256' title='bbox 1725 2125 1848 2160; x_wconf 84' lang='lat' dir='ltr'><strong>esse</strong></span> <span class='ocrx_word' id='word_1_257' title='bbox 1881 2109 1943 2159; x_wconf 90' lang='lat' dir='ltr'><strong>in</strong></span> <span class='ocrx_word' id='word_1_258' title='bbox 1970 2108 2139 2160; x_wconf 87' lang='lat' dir='ltr'><strong>nobis</strong></span> <span class='ocrx_word' id='word_1_259' title='bbox 2166 2109 2399 2162; x_wconf 84' lang='lat' dir='ltr'><strong>caritas.</strong></span> <span class='ocrx_word' id='word_1_260' title='bbox 2476 2104 2671 2158; x_wconf 84' lang='lat' dir='ltr'><strong>Multi</strong></span> 
     </span>
     <span class='ocr_line' id='line_1_27' title="bbox 378 2173 2673 2248; baseline -0.003 -16"><span class='ocrx_word' id='word_1_261' title='bbox 378 2181 543 2233; x_wconf 73' lang='lat' dir='ltr'><strong>enim</strong></span> <span class='ocrx_word' id='word_1_262' title='bbox 567 2180 783 2230; x_wconf 81' lang='lat' dir='ltr'><strong>leviter</strong></span> <span class='ocrx_word' id='word_1_263' title='bbox 809 2176 984 2228; x_wconf 86' lang='lat' dir='ltr'><strong>tincti</strong></span> <span class='ocrx_word' id='word_1_264' title='bbox 1010 2182 1149 2225; x_wconf 81' lang='lat' dir='ltr'><strong>sunt</strong></span> <span class='ocrx_word' id='word_1_265' title='bbox 1177 2173 1459 2227; x_wconf 78' lang='lat' dir='ltr'><strong>caritate:</strong></span> <span class='ocrx_word' id='word_1_266' title='bbox 1498 2176 1601 2227; x_wconf 88' lang='lat' dir='ltr'><strong>sed</strong></span> <span class='ocrx_word' id='word_1_267' title='bbox 1629 2193 1777 2248; x_wconf 85' lang='lat' dir='ltr'><strong>quae</strong></span> <span class='ocrx_word' id='word_1_268' title='bbox 1809 2175 1984 2228; x_wconf 80' lang='lat' dir='ltr'><strong>facile</strong></span> <span class='ocrx_word' id='word_1_269' title='bbox 2014 2179 2316 2231; x_wconf 80' lang='lat' dir='ltr'><strong>evanescit</strong></span> <span class='ocrx_word' id='word_1_270' title='bbox 2342 2185 2444 2230; x_wconf 87' lang='lat' dir='ltr'><strong>aut</strong></span> <span class='ocrx_word' id='word_1_271' title='bbox 2470 2176 2673 2227; x_wconf 84' lang='lat' dir='ltr'><strong>diseu-</strong></span> 
     </span>
     <span class='ocr_line' id='line_1_28' title="bbox 379 2241 2671 2323; baseline -0.003 -22"><span class='ocrx_word' id='word_1_272' title='bbox 379 2251 567 2315; x_wconf 86' lang='lat' dir='ltr'><strong>titur,</strong></span> <span class='ocrx_word' id='word_1_273' title='bbox 618 2246 756 2316; x_wconf 81' lang='lat' dir='ltr'><strong>qnia</strong></span> <span class='ocrx_word' id='word_1_274' title='bbox 804 2260 1009 2313; x_wconf 88' lang='lat' dir='ltr'><strong>parum</strong></span> <span class='ocrx_word' id='word_1_275' title='bbox 1046 2242 1201 2323; x_wconf 55' lang='lat' dir='ltr'><strong>pltas</strong></span> <span class='ocrx_word' id='word_1_276' title='bbox 1240 2241 1421 2295; x_wconf 85' lang='lat' dir='ltr'><strong>habet</strong></span> <span class='ocrx_word' id='word_1_277' title='bbox 1458 2244 1708 2299; x_wconf 86' lang='lat' dir='ltr'><strong>radices.</strong></span> <span class='ocrx_word' id='word_1_278' title='bbox 1785 2246 1997 2297; x_wconf 85' lang='lat' dir='ltr'><strong>Paulus</strong></span> <span class='ocrx_word' id='word_1_279' title='bbox 2027 2257 2221 2299; x_wconf 87' lang='lat' dir='ltr'><strong>autem</strong></span> <span class='ocrx_word' id='word_1_280' title='bbox 2256 2247 2378 2299; x_wconf 82' lang='lat' dir='ltr'><strong>vult</strong></span> <span class='ocrx_word' id='word_1_281' title='bbox 2404 2262 2534 2298; x_wconf 83' lang='lat' dir='ltr'><strong>eam</strong></span> <span class='ocrx_word' id='word_1_282' title='bbox 2560 2260 2671 2312; x_wconf 86' lang='lat' dir='ltr'><strong>pe-</strong></span> 
     </span>
     <span class='ocr_line' id='line_1_29' title="bbox 379 2310 2673 2382; baseline -0.003 -11"><span class='ocrx_word' id='word_1_283' title='bbox 379 2318 542 2372; x_wconf 84' lang='lat' dir='ltr'><strong>nitus</strong></span> <span class='ocrx_word' id='word_1_284' title='bbox 573 2315 785 2368; x_wconf 89' lang='lat' dir='ltr'><strong>animis</strong></span> <span class='ocrx_word' id='word_1_285' title='bbox 816 2312 1033 2364; x_wconf 88' lang='lat' dir='ltr'><strong>nostris</strong></span> <span class='ocrx_word' id='word_1_286' title='bbox 1063 2310 1309 2364; x_wconf 85' lang='lat' dir='ltr'><strong>infixam</strong></span> <span class='ocrx_word' id='word_1_287' title='bbox 1336 2328 1494 2378; x_wconf 87' lang='lat' dir='ltr'><strong>esse,</strong></span> <span class='ocrx_word' id='word_1_288' title='bbox 1549 2323 1615 2365; x_wconf 90' lang='lat' dir='ltr'><strong>ut</strong></span> <span class='ocrx_word' id='word_1_289' title='bbox 1641 2313 1720 2365; x_wconf 89' lang='lat' dir='ltr'><strong>sit</strong></span> <span class='ocrx_word' id='word_1_290' title='bbox 1747 2314 1916 2382; x_wconf 84' lang='lat' dir='ltr'><strong>quasi</strong></span> <span class='ocrx_word' id='word_1_291' title='bbox 1945 2314 2094 2367; x_wconf 86' lang='lat' dir='ltr'><strong>bene</strong></span> <span class='ocrx_word' id='word_1_292' title='bbox 2123 2315 2433 2367; x_wconf 83' lang='lat' dir='ltr'><strong>fundatum</strong></span> <span class='ocrx_word' id='word_1_293' title='bbox 2461 2310 2673 2366; x_wconf 71' lang='lat' dir='ltr'><strong>aedifi-</strong></span> 
     </span>
     <span class='ocr_line' id='line_1_30' title="bbox 382 2379 2667 2453; baseline -0.004 -13"><span class='ocrx_word' id='word_1_294' title='bbox 382 2380 546 2440; x_wconf 85' lang='lat' dir='ltr'><strong>cium</strong></span> <span class='ocrx_word' id='word_1_295' title='bbox 589 2393 648 2437; x_wconf 91' lang='lat' dir='ltr'><strong>et</strong></span> <span class='ocrx_word' id='word_1_296' title='bbox 689 2382 976 2452; x_wconf 77' lang='lat' dir='ltr'><strong>profunda</strong></span> <span class='ocrx_word' id='word_1_297' title='bbox 1018 2379 1323 2450; x_wconf 88' lang='lat' dir='ltr'><strong>plantatio.</strong></span> <span class='ocrx_word' id='word_1_298' title='bbox 1410 2380 1523 2432; x_wconf 89' lang='lat' dir='ltr'><strong>Ille</strong></span> <span class='ocrx_word' id='word_1_299' title='bbox 1572 2390 1660 2433; x_wconf 88' lang='lat' dir='ltr'><strong>est</strong></span> <span class='ocrx_word' id='word_1_300' title='bbox 1699 2382 1956 2452; x_wconf 83' lang='lat' dir='ltr'><strong>simplex</strong></span> <span class='ocrx_word' id='word_1_301' title='bbox 1996 2400 2065 2435; x_wconf 91' lang='lat' dir='ltr'><strong>ac</strong></span> <span class='ocrx_word' id='word_1_302' title='bbox 2106 2384 2408 2453; x_wconf 83' lang='lat' dir='ltr'><strong>genuinus</strong></span> <span class='ocrx_word' id='word_1_303' title='bbox 2437 2397 2667 2442; x_wconf 76' lang='lat' dir='ltr'><strong>sensus,</strong></span> 
     </span>
     <span class='ocr_line' id='line_1_31' title="bbox 379 2446 2669 2519; baseline -0.004 -9"><span class='ocrx_word' id='word_1_304' title='bbox 379 2474 490 2510; x_wconf 83' lang='lat' dir='ltr'><strong>nos</strong></span> <span class='ocrx_word' id='word_1_305' title='bbox 534 2457 619 2507; x_wconf 90' lang='lat' dir='ltr'><strong>ita</strong></span> <span class='ocrx_word' id='word_1_306' title='bbox 656 2452 946 2505; x_wconf 76' lang='lat' dir='ltr'><strong>radicitus</strong></span> <span class='ocrx_word' id='word_1_307' title='bbox 984 2450 1194 2502; x_wconf 83' lang='lat' dir='ltr'><strong>insitos</strong></span> <span class='ocrx_word' id='word_1_308' title='bbox 1235 2466 1358 2501; x_wconf 90' lang='lat' dir='ltr'><strong>esse</strong></span> <span class='ocrx_word' id='word_1_309' title='bbox 1396 2446 1611 2503; x_wconf 80' lang='lat' dir='ltr'><strong>dehere</strong></span> <span class='ocrx_word' id='word_1_310' title='bbox 1650 2450 1710 2501; x_wconf 91' lang='lat' dir='ltr'><strong>in</strong></span> <span class='ocrx_word' id='word_1_311' title='bbox 1754 2453 2038 2519; x_wconf 84' lang='lat' dir='ltr'><strong>caritate,</strong></span> <span class='ocrx_word' id='word_1_312' title='bbox 2087 2464 2147 2505; x_wconf 89' lang='lat' dir='ltr'><strong>et</strong></span> <span class='ocrx_word' id='word_1_313' title='bbox 2178 2455 2262 2505; x_wconf 81' lang='lat' dir='ltr'><strong>ita</strong></span> <span class='ocrx_word' id='word_1_314' title='bbox 2291 2454 2561 2506; x_wconf 83' lang='lat' dir='ltr'><strong>funditus</strong></span> <span class='ocrx_word' id='word_1_315' title='bbox 2599 2452 2669 2501; x_wconf 86' lang='lat' dir='ltr'><strong>in</strong></span> 
     </span>
     <span class='ocr_line' id='line_1_32' title="bbox 379 2515 2671 2596; baseline -0.003 -19"><span class='ocrx_word' id='word_1_316' title='bbox 379 2515 683 2596; x_wconf 71' lang='lat' dir='ltr'><strong>profundo</strong></span> <span class='ocrx_word' id='word_1_317' title='bbox 733 2523 859 2573; x_wconf 88' lang='lat' dir='ltr'><strong>eius</strong></span> <span class='ocrx_word' id='word_1_318' title='bbox 899 2518 1117 2570; x_wconf 85' lang='lat' dir='ltr'><strong>affectu</strong></span> <span class='ocrx_word' id='word_1_319' title='bbox 1157 2518 1468 2587; x_wconf 86' lang='lat' dir='ltr'><strong>conditos,</strong></span> <span class='ocrx_word' id='word_1_320' title='bbox 1522 2530 1588 2571; x_wconf 88' lang='lat' dir='ltr'><strong>ut</strong></span> <span class='ocrx_word' id='word_1_321' title='bbox 1616 2520 1760 2571; x_wconf 86' lang='lat' dir='ltr'><strong>nihil</strong></span> <span class='ocrx_word' id='word_1_322' title='bbox 1791 2520 1930 2571; x_wconf 87' lang='lat' dir='ltr'><strong>inde</strong></span> <span class='ocrx_word' id='word_1_323' title='bbox 1960 2538 2067 2573; x_wconf 86' lang='lat' dir='ltr'><strong>nos</strong></span> <span class='ocrx_word' id='word_1_324' title='bbox 2097 2523 2416 2575; x_wconf 81' lang='lat' dir='ltr'><strong>dimoveat.</strong></span> <span class='ocrx_word' id='word_1_325' title='bbox 2491 2519 2671 2573; x_wconf 84' lang='lat' dir='ltr'><strong>Unde</strong></span> 
     </span>
     <span class='ocr_line' id='line_1_33' title="bbox 374 2586 2673 2665; baseline -0.002 -18"><span class='ocrx_word' id='word_1_326' title='bbox 374 2603 582 2665; x_wconf 82' lang='lat' dir='ltr'><strong>patet,</strong></span> <span class='ocrx_word' id='word_1_327' title='bbox 624 2607 724 2641; x_wconf 84' lang='lat' dir='ltr'><strong>eos</strong></span> <span class='ocrx_word' id='word_1_328' title='bbox 751 2589 985 2660; x_wconf 86' lang='lat' dir='ltr'><strong>nugari,</strong></span> <span class='ocrx_word' id='word_1_329' title='bbox 1026 2586 1127 2657; x_wconf 86' lang='lat' dir='ltr'><strong>qui</strong></span> <span class='ocrx_word' id='word_1_330' title='bbox 1157 2604 1225 2640; x_wconf 87' lang='lat' dir='ltr'><strong>ex</strong></span> <span class='ocrx_word' id='word_1_331' title='bbox 1247 2587 1418 2639; x_wconf 86' lang='lat' dir='ltr'><strong>Pauli</strong></span> <span class='ocrx_word' id='word_1_332' title='bbox 1448 2589 1641 2640; x_wconf 84' lang='lat' dir='ltr'><strong>verbis</strong></span> <span class='ocrx_word' id='word_1_333' title='bbox 1669 2589 1990 2658; x_wconf 87' lang='lat' dir='ltr'><strong>colligunt,</strong></span> <span class='ocrx_word' id='word_1_334' title='bbox 2031 2591 2235 2642; x_wconf 83' lang='lat' dir='ltr'><strong>salutis</strong></span> <span class='ocrx_word' id='word_1_335' title='bbox 2263 2602 2500 2644; x_wconf 85' lang='lat' dir='ltr'><strong>nostrae</strong></span> <span class='ocrx_word' id='word_1_336' title='bbox 2528 2592 2673 2642; x_wconf 83' lang='lat' dir='ltr'><strong>fun·</strong></span> 
     </span>
     <span class='ocr_line' id='line_1_34' title="bbox 379 2656 2674 2728; baseline -0.003 -13"><span class='ocrx_word' id='word_1_337' title='bbox 379 2664 722 2715; x_wconf 83' lang='lat' dir='ltr'><strong>damentum</strong></span> <span class='ocrx_word' id='word_1_338' title='bbox 753 2674 821 2708; x_wconf 88' lang='lat' dir='ltr'><strong>ac</strong></span> <span class='ocrx_word' id='word_1_339' title='bbox 844 2657 1110 2708; x_wconf 80' lang='lat' dir='ltr'><strong>radicem</strong></span> <span class='ocrx_word' id='word_1_340' title='bbox 1143 2672 1267 2706; x_wconf 87' lang='lat' dir='ltr'><strong>esse</strong></span> <span class='ocrx_word' id='word_1_341' title='bbox 1296 2656 1634 2712; x_wconf 80' lang='lat' dir='ltr'><strong>caritatem.</strong></span> <span class='ocrx_word' id='word_1_342' title='bbox 1709 2658 1917 2726; x_wconf 85' lang='lat' dir='ltr'><strong>Neque</strong></span> <span class='ocrx_word' id='word_1_343' title='bbox 1947 2659 2104 2711; x_wconf 86' lang='lat' dir='ltr'><strong>enim</strong></span> <span class='ocrx_word' id='word_1_344' title='bbox 2132 2660 2394 2728; x_wconf 86' lang='lat' dir='ltr'><strong>disputat</strong></span> <span class='ocrx_word' id='word_1_345' title='bbox 2428 2659 2674 2723; x_wconf 81' lang='lat' dir='ltr'><strong>Paulus,</strong></span> 
     </span>
     <span class='ocr_line' id='line_1_35' title="bbox 378 2723 2673 2798; baseline -0.002 -14"><span class='ocrx_word' id='word_1_346' title='bbox 378 2731 485 2786; x_wconf 81' lang='lat' dir='ltr'><strong>ubi</strong></span> <span class='ocrx_word' id='word_1_347' title='bbox 514 2728 673 2781; x_wconf 84' lang='lat' dir='ltr'><strong>salus</strong></span> <span class='ocrx_word' id='word_1_348' title='bbox 700 2733 902 2779; x_wconf 82' lang='lat' dir='ltr'><strong>nostra</strong></span> <span class='ocrx_word' id='word_1_349' title='bbox 931 2725 1173 2777; x_wconf 78' lang='lat' dir='ltr'><strong>fundata</strong></span> <span class='ocrx_word' id='word_1_350' title='bbox 1200 2724 1309 2790; x_wconf 88' lang='lat' dir='ltr'><strong>sit,</strong></span> <span class='ocrx_word' id='word_1_351' title='bbox 1347 2723 1527 2794; x_wconf 89' lang='lat' dir='ltr'><strong>idque</strong></span> <span class='ocrx_word' id='word_1_352' title='bbox 1554 2743 1760 2778; x_wconf 87' lang='lat' dir='ltr'><strong>omnes</strong></span> <span class='ocrx_word' id='word_1_353' title='bbox 1790 2728 2018 2798; x_wconf 78' lang='lat' dir='ltr'><strong>vident,</strong></span> <span class='ocrx_word' id='word_1_354' title='bbox 2069 2730 2169 2780; x_wconf 90' lang='lat' dir='ltr'><strong>sed</strong></span> <span class='ocrx_word' id='word_1_355' title='bbox 2198 2745 2372 2798; x_wconf 85' lang='lat' dir='ltr'><strong>quam</strong></span> <span class='ocrx_word' id='word_1_356' title='bbox 2400 2729 2572 2781; x_wconf 80' lang='lat' dir='ltr'><strong>firma</strong></span> <span class='ocrx_word' id='word_1_357' title='bbox 2597 2733 2673 2779; x_wconf 71' lang='lat' dir='ltr'><strong>‘et</strong></span> 
     </span>
     <span class='ocr_line' id='line_1_36' title="bbox 374 2785 2642 2854; baseline -0.006 0"><span class='ocrx_word' id='word_1_358' title='bbox 374 2811 559 2854; x_wconf 84' lang='lat' dir='ltr'><strong>tenax</strong></span> <span class='ocrx_word' id='word_1_359' title='bbox 591 2797 804 2848; x_wconf 84' lang='lat' dir='ltr'><strong>debeat</strong></span> <span class='ocrx_word' id='word_1_360' title='bbox 829 2793 1099 2844; x_wconf 81' lang='lat' dir='ltr'><strong>in·nobis</strong></span> <span class='ocrx_word' id='word_1_361' title='bbox 1134 2809 1257 2844; x_wconf 87' lang='lat' dir='ltr'><strong>esse</strong></span> <span class='ocrx_word' id='word_1_362' title='bbox 1285 2794 1529 2845; x_wconf 87' lang='lat' dir='ltr'><strong>caritas.</strong></span> <span class='ocrx_word' id='word_1_363' title='bbox 1647 2785 1662 2804; x_wconf 61' lang='lat'>²</span> <span class='ocrx_word' id='word_1_364' title='bbox 2637 2821 2642 2830; x_wconf 89' lang='lat'><strong>·</strong></span> 
     </span>
     <span class='ocr_line' id='line_1_37' title="bbox 374 2857 2675 2934; baseline -0.003 -14"><span class='ocrx_word' id='word_1_365' title='bbox 374 2927 377 2930; x_wconf 53' lang='grc'><strong>,</strong></span> <span class='ocrx_word' id='word_1_366' title='bbox 517 2867 602 2920; x_wconf 88' lang='grc'><strong>18.</strong></span> <span class='ocrx_word' id='word_1_367' title='bbox 691 2863 816 2934; x_wconf 79' lang='lat' dir='ltr'><strong>Quo</strong></span> <span class='ocrx_word' id='word_1_368' title='bbox 857 2864 1096 2914; x_wconf 73' lang='lat' dir='ltr'><strong>valeatis</strong></span> <span class='ocrx_word' id='word_1_369' title='bbox 1135 2864 1622 2928; x_wconf 76' lang='lat' dir='ltr'><strong>comprehendere.</strong></span> <span class='ocrx_word' id='word_1_370' title='bbox 1710 2863 2316 2931; x_wconf 68' lang='lat' dir='ltr'><strong>Secundusfructus&#39;,</strong></span> <span class='ocrx_word' id='word_1_371' title='bbox 2367 2872 2434 2916; x_wconf 85' lang='lat' dir='ltr'><strong>ut</strong></span> <span class='ocrx_word' id='word_1_372' title='bbox 2469 2857 2675 2931; x_wconf 38' lang='lat' dir='ltr'><strong>perci*-</strong></span> 
     </span>
     <span class='ocr_line' id='line_1_38' title="bbox 377 2931 2676 3008; baseline -0 -20"><span class='ocrx_word' id='word_1_373' title='bbox 377 2935 553 3008; x_wconf 85' lang='lat' dir='ltr'><strong>piant</strong></span> <span class='ocrx_word' id='word_1_374' title='bbox 584 2932 866 3002; x_wconf 87' lang='lat' dir='ltr'><strong>Ephesii,</strong></span> <span class='ocrx_word' id='word_1_375' title='bbox 904 2939 1126 3002; x_wconf 84' lang='lat' dir='ltr'><strong>quanta</strong></span> <span class='ocrx_word' id='word_1_376' title='bbox 1155 2932 1231 2981; x_wconf 88' lang='lat' dir='ltr'><strong>sit</strong></span> <span class='ocrx_word' id='word_1_377' title='bbox 1259 2946 1401 2997; x_wconf 83' lang='lat' dir='ltr'><strong>erga</strong></span> <span class='ocrx_word' id='word_1_378' title='bbox 1432 2931 1708 2983; x_wconf 81' lang='lat' dir='ltr'><strong>homines</strong></span> <span class='ocrx_word' id='word_1_379' title='bbox 1728 2931 1954 2984; x_wconf 80' lang='lat' dir='ltr'><strong>Christi</strong></span> <span class='ocrx_word' id='word_1_380' title='bbox 1984 2932 2247 3000; x_wconf 69' lang='lat' dir='ltr'><strong>dilectio.</strong></span> <span class='ocrx_word' id='word_1_381' title='bbox 2299 2934 2433 2986; x_wconf 86' lang='lat' dir='ltr'><strong>talis</strong></span> <span class='ocrx_word' id='word_1_382' title='bbox 2462 2942 2676 2987; x_wconf 82' lang='lat' dir='ltr'><strong>autem</strong></span> 
     </span>
     <span class='ocr_line' id='line_1_39' title="bbox 380 2999 2729 3073; baseline -0.002 -17"><span class='ocrx_word' id='word_1_383' title='bbox 380 3024 414 3059; x_wconf 82' lang='lat' dir='ltr'><strong>a</strong></span> <span class='ocrx_word' id='word_1_384' title='bbox 464 3004 777 3073; x_wconf 75' lang='lat' dir='ltr'><strong>prehensio</strong></span> <span class='ocrx_word' id='word_1_385' title='bbox 828 3000 920 3051; x_wconf 83' lang='lat' dir='ltr'><strong>vel</strong></span> <span class='ocrx_word' id='word_1_386' title='bbox 959 3000 1179 3052; x_wconf 87' lang='lat' dir='ltr'><strong>notitia</strong></span> <span class='ocrx_word' id='word_1_387' title='bbox 1218 3015 1290 3051; x_wconf 89' lang='lat' dir='ltr'><strong>ex</strong></span> <span class='ocrx_word' id='word_1_388' title='bbox 1325 2999 1444 3051; x_wconf 86' lang='lat' dir='ltr'><strong>fide</strong></span> <span class='ocrx_word' id='word_1_389' title='bbox 1486 3009 1590 3051; x_wconf 87' lang='lat' dir='ltr'><strong>est.</strong></span> <span class='ocrx_word' id='word_1_390' title='bbox 1674 3001 1869 3069; x_wconf 79' lang='lat' dir='ltr'><strong>Quum</strong></span> <span class='ocrx_word' id='word_1_391' title='bbox 1900 3003 1959 3052; x_wconf 90' lang='lat' dir='ltr'><strong>in</strong></span> <span class='ocrx_word' id='word_1_392' title='bbox 1996 3018 2064 3053; x_wconf 89' lang='lat' dir='ltr'><strong>ea</strong></span> <span class='ocrx_word' id='word_1_393' title='bbox 2097 3018 2161 3058; x_wconf 78' lang='lat' dir='ltr'><strong>re</strong></span> <span class='ocrx_word' id='word_1_394' title='bbox 2191 3012 2424 3055; x_wconf 82' lang='lat' dir='ltr'><strong>sanctos</strong></span> <span class='ocrx_word' id='word_1_395' title='bbox 2455 3017 2674 3057; x_wconf 73' lang='lat' dir='ltr'><strong>omnes</strong></span> <span class='ocrx_word' id='word_1_396' title='bbox 2724 3007 2729 3012; x_wconf 82' lang='grc'><strong>’</strong></span> 
     </span>
     <span class='ocr_line' id='line_1_40' title="bbox 377 3068 2678 3140; baseline -0.001 -15"><span class='ocrx_word' id='word_1_397' title='bbox 377 3074 428 3125; x_wconf 86' lang='lat' dir='ltr'><strong>il</strong></span> <span class='ocrx_word' id='word_1_398' title='bbox 457 3074 507 3124; x_wconf 84' lang='lat' dir='ltr'><strong>is</strong></span> <span class='ocrx_word' id='word_1_399' title='bbox 536 3074 728 3124; x_wconf 84' lang='lat' dir='ltr'><strong>socios</strong></span> <span class='ocrx_word' id='word_1_400' title='bbox 755 3068 1040 3137; x_wconf 82' lang='lat' dir='ltr'><strong>adiungit,</strong></span> <span class='ocrx_word' id='word_1_401' title='bbox 1067 3069 1295 3120; x_wconf 88' lang='lat' dir='ltr'><strong>indicat</strong></span> <span class='ocrx_word' id='word_1_402' title='bbox 1319 3068 1886 3136; x_wconf 83' lang='lat' dir='ltr'><strong>praestantissimum</strong></span> <span class='ocrx_word' id='word_1_403' title='bbox 1921 3087 2044 3121; x_wconf 87' lang='lat' dir='ltr'><strong>esse</strong></span> <span class='ocrx_word' id='word_1_404' title='bbox 2072 3072 2314 3136; x_wconf 82' lang='lat' dir='ltr'><strong>bonum,</strong></span> <span class='ocrx_word' id='word_1_405' title='bbox 2343 3069 2498 3140; x_wconf 87' lang='lat' dir='ltr'><strong>quod</strong></span> <span class='ocrx_word' id='word_1_406' title='bbox 2529 3086 2678 3139; x_wconf 76' lang='lat' dir='ltr'><strong>pos-</strong></span> 
     </span>
     <span class='ocr_line' id='line_1_41' title="bbox 382 3136 2675 3207; baseline 0 -13"><span class='ocrx_word' id='word_1_407' title='bbox 382 3142 507 3195; x_wconf 86' lang='lat' dir='ltr'><strong>sint</strong></span> <span class='ocrx_word' id='word_1_408' title='bbox 534 3142 595 3191; x_wconf 89' lang='lat' dir='ltr'><strong>in</strong></span> <span class='ocrx_word' id='word_1_409' title='bbox 624 3136 916 3206; x_wconf 82' lang='lat' dir='ltr'><strong>praesenti</strong></span> <span class='ocrx_word' id='word_1_410' title='bbox 950 3138 1063 3188; x_wconf 89' lang='lat' dir='ltr'><strong>vita</strong></span> <span class='ocrx_word' id='word_1_411' title='bbox 1094 3136 1410 3205; x_wconf 81' lang='lat' dir='ltr'><strong>consequi:</strong></span> <span class='ocrx_word' id='word_1_412' title='bbox 1462 3153 1948 3205; x_wconf 81' lang='lat' dir='ltr'><strong>supremam-esse</strong></span> <span class='ocrx_word' id='word_1_413' title='bbox 1973 3140 2313 3206; x_wconf 82' lang='lat' dir='ltr'><strong>sapientiam</strong></span> <span class='ocrx_word' id='word_1_414' title='bbox 2336 3178 2351 3206; x_wconf 93' lang='lat'>,</span> <span class='ocrx_word' id='word_1_415' title='bbox 2389 3140 2460 3192; x_wconf 88' lang='lat' dir='ltr'><strong>ad</strong></span> <span class='ocrx_word' id='word_1_416' title='bbox 2489 3156 2675 3207; x_wconf 86' lang='lat' dir='ltr'><strong>quam</strong></span> 
     </span>
     <span class='ocr_line' id='line_1_42' title="bbox 382 3205 2676 3278; baseline -0.006 -15"><span class='ocrx_word' id='word_1_417' title='bbox 382 3227 588 3262; x_wconf 88' lang='lat' dir='ltr'><strong>omnes</strong></span> <span class='ocrx_word' id='word_1_418' title='bbox 616 3207 726 3260; x_wconf 82' lang='lat' dir='ltr'><strong>filii</strong></span> <span class='ocrx_word' id='word_1_419' title='bbox 755 3205 869 3258; x_wconf 89' lang='lat' dir='ltr'><strong>Dei</strong></span> <span class='ocrx_word' id='word_1_420' title='bbox 897 3206 1179 3273; x_wconf 84' lang='lat' dir='ltr'><strong>aspirant.</strong></span> <span class='ocrx_word' id='word_1_421' title='bbox 1253 3206 1569 3258; x_wconf 83' lang='lat' dir='ltr'><strong>Caeterum</strong></span> <span class='ocrx_word' id='word_1_422' title='bbox 1597 3205 1756 3274; x_wconf 88' lang='lat' dir='ltr'><strong>quod</strong></span> <span class='ocrx_word' id='word_1_423' title='bbox 1781 3206 2072 3276; x_wconf 73' lang='lat' dir='ltr'><strong>sequitur,</strong></span> <span class='ocrx_word' id='word_1_424' title='bbox 2155 3225 2294 3262; x_wconf 87' lang='lat' dir='ltr'><strong>uum</strong></span> <span class='ocrx_word' id='word_1_425' title='bbox 2323 3223 2427 3278; x_wconf 85' lang='lat' dir='ltr'><strong>per</strong></span> <span class='ocrx_word' id='word_1_426' title='bbox 2453 3224 2515 3259; x_wconf 81' lang='lat' dir='ltr'><strong>se</strong></span> <span class='ocrx_word' id='word_1_427' title='bbox 2544 3209 2676 3261; x_wconf 82' lang='lat' dir='ltr'><strong>cla-</strong></span> 
     </span>
     <span class='ocr_line' id='line_1_43' title="bbox 379 3272 2675 3344; baseline -0 -12"><span class='ocrx_word' id='word_1_428' title='bbox 379 3295 519 3332; x_wconf 85' lang='lat' dir='ltr'><strong>:rum</strong></span> <span class='ocrx_word' id='word_1_429' title='bbox 557 3279 661 3343; x_wconf 84' lang='lat' dir='ltr'><strong>sit,</strong></span> <span class='ocrx_word' id='word_1_430' title='bbox 708 3275 992 3326; x_wconf 88' lang='lat' dir='ltr'><strong>hactenus</strong></span> <span class='ocrx_word' id='word_1_431' title='bbox 1035 3274 1220 3325; x_wconf 81' lang='lat' dir='ltr'><strong>variis</strong></span> <span class='ocrx_word' id='word_1_432' title='bbox 1263 3272 1831 3342; x_wconf 78' lang='lat' dir='ltr'><strong>interpretationum</strong></span> <span class='ocrx_word' id='word_1_433' title='bbox 1866 3277 2137 3344; x_wconf 87' lang='lat' dir='ltr'><strong>opinioni</strong></span> <span class='ocrx_word' id='word_1_434' title='bbox 2186 3294 2250 3329; x_wconf 90' lang='lat' dir='ltr'><strong>us</strong></span> <span class='ocrx_word' id='word_1_435' title='bbox 2282 3279 2675 3331; x_wconf 85' lang='lat' dir='ltr'><strong>obscuratum</strong></span> 
     </span>
     <span class='ocr_line' id='line_1_44' title="bbox 379 3342 2676 3415; baseline -0.002 -16"><span class='ocrx_word' id='word_1_436' title='bbox 379 3346 520 3400; x_wconf 81' lang='lat' dir='ltr'><strong>fuit.</strong></span> <span class='ocrx_word' id='word_1_437' title='bbox 594 3343 950 3413; x_wconf 80' lang='lat' dir='ltr'><strong>Augustinus</strong></span> <span class='ocrx_word' id='word_1_438' title='bbox 989 3343 1051 3392; x_wconf 88' lang='lat' dir='ltr'><strong>in</strong></span> <span class='ocrx_word' id='word_1_439' title='bbox 1087 3343 1323 3410; x_wconf 83' lang='lat' dir='ltr'><strong>argutia</strong></span> <span class='ocrx_word' id='word_1_440' title='bbox 1360 3342 1515 3395; x_wconf 88' lang='lat' dir='ltr'><strong>nihil</strong></span> <span class='ocrx_word' id='word_1_441' title='bbox 1558 3342 1629 3395; x_wconf 85' lang='lat' dir='ltr'><strong>ad</strong></span> <span class='ocrx_word' id='word_1_442' title='bbox 1667 3360 1795 3396; x_wconf 86' lang='lat' dir='ltr'><strong>rem</strong></span> <span class='ocrx_word' id='word_1_443' title='bbox 1821 3344 2304 3413; x_wconf 64' lang='lat' dir='ltr'><strong>pertinente&#39;sibi</strong></span> <span class='ocrx_word' id='word_1_444' title='bbox 2335 3345 2676 3415; x_wconf 74' lang='lat' dir='ltr'><strong>valdepla-</strong></span> 
     </span>
     <span class='ocr_line' id='line_1_45' title="bbox 384 3410 2677 3494; baseline -0 -26"><span class='ocrx_word' id='word_1_445' title='bbox 384 3415 535 3468; x_wconf 67' lang='lat' dir='ltr'><strong>cuit.</strong></span> <span class='ocrx_word' id='word_1_446' title='bbox 588 3413 829 3483; x_wconf 88' lang='lat' dir='ltr'><strong>quaerit</strong></span> <span class='ocrx_word' id='word_1_447' title='bbox 856 3412 1019 3463; x_wconf 89' lang='lat' dir='ltr'><strong>enim</strong></span> <span class='ocrx_word' id='word_1_448' title='bbox 1047 3410 1151 3461; x_wconf 90' lang='lat' dir='ltr'><strong>hic</strong></span> <span class='ocrx_word' id='word_1_449' title='bbox 1179 3410 1531 3477; x_wconf 76' lang='lat' dir='ltr'><strong>mysterium</strong></span> <span class='ocrx_word' id='word_1_450' title='bbox 1555 3412 1757 3463; x_wconf 87' lang='lat' dir='ltr'><strong>nescio</strong></span> <span class='ocrx_word' id='word_1_451' title='bbox 1791 3414 1947 3494; x_wconf 78' lang='lat' dir='ltr'><strong>quod</strong></span> <span class='ocrx_word' id='word_1_452' title='bbox 1980 3415 2041 3465; x_wconf 90' lang='lat' dir='ltr'><strong>in</strong></span> <span class='ocrx_word' id='word_1_453' title='bbox 2066 3415 2261 3482; x_wconf 82' lang='lat' dir='ltr'><strong>figura</strong></span> <span class='ocrx_word' id='word_1_454' title='bbox 2290 3415 2514 3468; x_wconf 80' lang='lat' dir='ltr'><strong>crucis:</strong></span> <span class='ocrx_word' id='word_1_455' title='bbox 2563 3414 2677 3467; x_wconf 83' lang='lat' dir='ltr'><strong>de·</strong></span> 
     </span>
     <span class='ocr_line' id='line_1_46' title="bbox 380 3479 2676 3555; baseline 0.001 -19"><span class='ocrx_word' id='word_1_456' title='bbox 380 3483 521 3537; x_wconf 86' lang='lat' dir='ltr'><strong>inde</strong></span> <span class='ocrx_word' id='word_1_457' title='bbox 557 3499 631 3535; x_wconf 81' lang='lat' dir='ltr'><strong>ex</strong></span> <span class='ocrx_word' id='word_1_458' title='bbox 672 3481 985 3532; x_wconf 86' lang='lat' dir='ltr'><strong>latitudine</strong></span> <span class='ocrx_word' id='word_1_459' title='bbox 1024 3480 1172 3532; x_wconf 80' lang='lat' dir='ltr'><strong>facit</strong></span> <span class='ocrx_word' id='word_1_460' title='bbox 1211 3479 1557 3546; x_wconf 87' lang='lat' dir='ltr'><strong>caritatem,</strong></span> <span class='ocrx_word' id='word_1_461' title='bbox 1608 3497 1677 3531; x_wconf 87' lang='lat' dir='ltr'><strong>ex</strong></span> <span class='ocrx_word' id='word_1_462' title='bbox 1705 3481 2016 3533; x_wconf 79' lang='lat' dir='ltr'><strong>altitudine</strong></span> <span class='ocrx_word' id='word_1_463' title='bbox 2047 3500 2243 3550; x_wconf 87' lang='lat' dir='ltr'><strong>spem,</strong></span> <span class='ocrx_word' id='word_1_464' title='bbox 2290 3500 2364 3535; x_wconf 85' lang='lat' dir='ltr'><strong>ex</strong></span> <span class='ocrx_word' id='word_1_465' title='bbox 2405 3482 2676 3555; x_wconf 82' lang='lat' dir='ltr'><strong>longitu-</strong></span> 
     </span>
     <span class='ocr_line' id='line_1_47' title="bbox 384 3546 2676 3620; baseline 0 -15"><span class='ocrx_word' id='word_1_466' title='bbox 384 3553 522 3606; x_wconf 81' lang='lat' dir='ltr'><strong>dine</strong></span> <span class='ocrx_word' id='word_1_467' title='bbox 553 3549 933 3620; x_wconf 88' lang='lat' dir='ltr'><strong>patientiam,</strong></span> <span class='ocrx_word' id='word_1_468' title='bbox 975 3556 1033 3599; x_wconf 90' lang='lat' dir='ltr'><strong>et</strong></span> <span class='ocrx_word' id='word_1_469' title='bbox 1062 3546 1471 3616; x_wconf 79' lang='lat' dir='ltr'><strong>profunditate</strong></span> <span class='ocrx_word' id='word_1_470' title='bbox 1499 3548 1931 3602; x_wconf 84' lang='lat' dir='ltr'><strong>humilitatem.</strong></span> <span class='ocrx_word' id='word_1_471' title='bbox 1995 3552 2175 3603; x_wconf 66' lang='lat' dir='ltr'><strong>fliaee</strong></span> <span class='ocrx_word' id='word_1_472' title='bbox 2198 3551 2531 3605; x_wconf 83' lang='lat' dir='ltr'><strong>subtilitate</strong></span> <span class='ocrx_word' id='word_1_473' title='bbox 2559 3568 2676 3606; x_wconf 77' lang='lat' dir='ltr'><strong>sua</strong></span> 
     </span>
     <span class='ocr_line' id='line_1_48' title="bbox 308 3615 2677 3690; baseline 0.001 -17"><span class='ocrx_word' id='word_1_474' title='bbox 308 3617 313 3624; x_wconf 71' lang='grc'><strong>’</strong></span> <span class='ocrx_word' id='word_1_475' title='bbox 382 3621 657 3689; x_wconf 79' lang='lat' dir='ltr'><strong>placent:</strong></span> <span class='ocrx_word' id='word_1_476' title='bbox 697 3619 799 3670; x_wconf 84' lang='lat' dir='ltr'><strong>sed</strong></span> <span class='ocrx_word' id='word_1_477' title='bbox 864 3616 969 3668; x_wconf 87' lang='lat' dir='ltr'><strong>uid</strong></span> <span class='ocrx_word' id='word_1_478' title='bbox 996 3616 1067 3667; x_wconf 85' lang='lat' dir='ltr'><strong>ad</strong></span> <span class='ocrx_word' id='word_1_479' title='bbox 1097 3615 1263 3667; x_wconf 82' lang='lat' dir='ltr'><strong>Pauli</strong></span> <span class='ocrx_word' id='word_1_480' title='bbox 1289 3617 1600 3670; x_wconf 75' lang='lat' dir='ltr'><strong>mentem?</strong></span> <span class='ocrx_word' id='word_1_481' title='bbox 1639 3617 1827 3669; x_wconf 89' lang='lat' dir='ltr'><strong>nihilo</strong></span> <span class='ocrx_word' id='word_1_482' title='bbox 1857 3630 2021 3673; x_wconf 85' lang='lat' dir='ltr'><strong>certe</strong></span> <span class='ocrx_word' id='word_1_483' title='bbox 2044 3622 2259 3688; x_wconf 79' lang='lat' dir='ltr'><strong>magis,</strong></span> <span class='ocrx_word' id='word_1_484' title='bbox 2299 3637 2476 3690; x_wconf 84' lang='lat' dir='ltr'><strong>quam</strong></span> <span class='ocrx_word' id='word_1_485' title='bbox 2505 3622 2677 3690; x_wconf 71' lang='lat' dir='ltr'><strong>quod</strong></span> 
     </span>
     <span class='ocr_line' id='line_1_49' title="bbox 385 3684 2677 3756; baseline 0 -14"><span class='ocrx_word' id='word_1_486' title='bbox 385 3686 734 3742; x_wconf 78' lang='lat' dir='ltr'><strong>Ambrosius</strong></span> <span class='ocrx_word' id='word_1_487' title='bbox 760 3702 827 3753; x_wconf 65' lang='lat' dir='ltr'><strong>sp</strong></span> <span class='ocrx_word' id='word_1_488' title='bbox 875 3685 1129 3738; x_wconf 87' lang='lat' dir='ltr'><strong>aericam</strong></span> <span class='ocrx_word' id='word_1_489' title='bbox 1156 3685 1415 3736; x_wconf 84' lang='lat' dir='ltr'><strong>formam</strong></span> <span class='ocrx_word' id='word_1_490' title='bbox 1443 3684 1741 3754; x_wconf 83' lang='lat' dir='ltr'><strong>designari</strong></span> <span class='ocrx_word' id='word_1_491' title='bbox 1771 3697 1956 3754; x_wconf 85' lang='lat' dir='ltr'><strong>putat.</strong></span> <span class='ocrx_word' id='word_1_492' title='bbox 2028 3692 2268 3756; x_wconf 69' lang='lat' dir='ltr'><strong>Verum,</strong></span> <span class='ocrx_word' id='word_1_493' title='bbox 2295 3691 2549 3742; x_wconf 86' lang='lat' dir='ltr'><strong>aliorum</strong></span> <span class='ocrx_word' id='word_1_494' title='bbox 2574 3690 2677 3743; x_wconf 85' lang='lat' dir='ltr'><strong>in-</strong></span> 
     </span>
     <span class='ocr_line' id='line_1_50' title="bbox 384 3752 2678 3827; baseline 0 -16"><span class='ocrx_word' id='word_1_495' title='bbox 384 3755 909 3824; x_wconf 85' lang='lat' dir='ltr'><strong>terpretationibus</strong></span> <span class='ocrx_word' id='word_1_496' title='bbox 947 3752 1213 3819; x_wconf 83' lang='lat' dir='ltr'><strong>omissis,</strong></span> <span class='ocrx_word' id='word_1_497' title='bbox 1263 3753 1453 3805; x_wconf 86' lang='lat' dir='ltr'><strong>dicam</strong></span> <span class='ocrx_word' id='word_1_498' title='bbox 1492 3754 1648 3823; x_wconf 87' lang='lat' dir='ltr'><strong>quod</strong></span> <span class='ocrx_word' id='word_1_499' title='bbox 1679 3771 1887 3807; x_wconf 80' lang='lat' dir='ltr'><strong>omnes</strong></span> <span class='ocrx_word' id='word_1_500' title='bbox 1926 3758 2180 3827; x_wconf 86' lang='lat' dir='ltr'><strong>simplex</strong></span> <span class='ocrx_word' id='word_1_501' title='bbox 2214 3770 2273 3809; x_wconf 91' lang='lat' dir='ltr'><strong>et</strong></span> <span class='ocrx_word' id='word_1_502' title='bbox 2306 3773 2508 3811; x_wconf 83' lang='lat' dir='ltr'><strong>verum</strong></span> <span class='ocrx_word' id='word_1_503' title='bbox 2543 3775 2678 3812; x_wconf 78' lang='lat' dir='ltr'><strong>essa</strong></span> 
     </span>
     <span class='ocr_line' id='line_1_51' title="bbox 388 3820 2677 3901; baseline 0.002 -26"><span class='ocrx_word' id='word_1_504' title='bbox 388 3832 739 3892; x_wconf 82' lang='lat' dir='ltr'><strong>agnoscent.</strong></span> <span class='ocrx_word' id='word_1_505' title='bbox 796 3821 1009 3874; x_wconf 87' lang='lat' dir='ltr'><strong>Paulus</strong></span> <span class='ocrx_word' id='word_1_506' title='bbox 1043 3823 1201 3873; x_wconf 89' lang='lat' dir='ltr'><strong>enim</strong></span> <span class='ocrx_word' id='word_1_507' title='bbox 1226 3820 1378 3874; x_wconf 85' lang='lat' dir='ltr'><strong>nihil</strong></span> <span class='ocrx_word' id='word_1_508' title='bbox 1405 3839 1512 3901; x_wconf 84' lang='lat' dir='ltr'><strong>per</strong></span> <span class='ocrx_word' id='word_1_509' title='bbox 1535 3822 1680 3875; x_wconf 84' lang='lat' dir='ltr'><strong>istas</strong></span> <span class='ocrx_word' id='word_1_510' title='bbox 1707 3820 2106 3879; x_wconf 84' lang='lat' dir='ltr'><strong>dimensiones</strong></span> <span class='ocrx_word' id='word_1_511' title='bbox 2132 3827 2446 3896; x_wconf 80' lang='lat' dir='ltr'><strong>intelligit,</strong></span> <span class='ocrx_word' id='word_1_512' title='bbox 2485 3843 2677 3898; x_wconf 82' lang='lat' dir='ltr'><strong>quam</strong></span> 
     </span>
     <span class='ocr_line' id='line_1_52' title="bbox 388 3890 2676 3963; baseline -0.001 -16"><span class='ocrx_word' id='word_1_513' title='bbox 388 3891 616 3948; x_wconf 83' lang='lat' dir='ltr'><strong>Christi</strong></span> <span class='ocrx_word' id='word_1_514' title='bbox 649 3890 982 3955; x_wconf 84' lang='lat' dir='ltr'><strong>caritatem,</strong></span> <span class='ocrx_word' id='word_1_515' title='bbox 1017 3890 1091 3941; x_wconf 87' lang='lat' dir='ltr'><strong>de</strong></span> <span class='ocrx_word' id='word_1_516' title='bbox 1121 3907 1236 3959; x_wconf 87' lang='lat' dir='ltr'><strong>qua</strong></span> <span class='ocrx_word' id='word_1_517' title='bbox 1266 3900 1543 3943; x_wconf 78' lang='lat' dir='ltr'><strong>continuo</strong></span> <span class='ocrx_word' id='word_1_518' title='bbox 1576 3900 1754 3961; x_wconf 69' lang='lat' dir='ltr'><strong>postz.</strong></span> <span class='ocrx_word' id='word_1_519' title='bbox 1778 3892 2158 3960; x_wconf 76' lang='lat' dir='ltr'><strong>significans,</strong></span> <span class='ocrx_word' id='word_1_520' title='bbox 2197 3913 2361 3963; x_wconf 87' lang='lat' dir='ltr'><strong>eum,</strong></span> <span class='ocrx_word' id='word_1_521' title='bbox 2402 3895 2497 3948; x_wconf 88' lang='lat' dir='ltr'><strong>cui</strong></span> <span class='ocrx_word' id='word_1_522' title='bbox 2526 3913 2676 3950; x_wconf 81' lang='lat' dir='ltr'><strong>vere</strong></span> 
     </span>
     <span class='ocr_line' id='line_1_53' title="bbox 387 3959 2676 4038; baseline 0.001 -23"><span class='ocrx_word' id='word_1_523' title='bbox 387 3972 451 4015; x_wconf 82' lang='lat' dir='ltr'><strong>et</strong></span> <span class='ocrx_word' id='word_1_524' title='bbox 491 3960 1019 4029; x_wconf 59' lang='lat' dir='ltr'><strong>perfemoecognita</strong></span> <span class='ocrx_word' id='word_1_525' title='bbox 1041 3959 1168 4023; x_wconf 81' lang='lat' dir='ltr'><strong>est,</strong></span> <span class='ocrx_word' id='word_1_526' title='bbox 1207 3959 1591 4038; x_wconf 81' lang='lat' dir='ltr'><strong>undequaque</strong></span> <span class='ocrx_word' id='word_1_527' title='bbox 1621 3975 1849 4027; x_wconf 84' lang='lat' dir='ltr'><strong>sapere.</strong></span> <span class='ocrx_word' id='word_1_528' title='bbox 1898 3965 2044 4015; x_wconf 83' lang='lat' dir='ltr'><strong>acsi</strong></span> <span class='ocrx_word' id='word_1_529' title='bbox 2072 3964 2344 4018; x_wconf 66' lang='lat' dir='ltr'><strong>dixissen</strong></span> <span class='ocrx_word' id='word_1_530' title='bbox 2387 3965 2676 4036; x_wconf 83' lang='lat' dir='ltr'><strong>Quaqua-</strong></span> 
     </span>
     <span class='ocr_line' id='line_1_54' title="bbox 388 4026 2678 4103; baseline 0.001 -21"><span class='ocrx_word' id='word_1_531' title='bbox 388 4046 626 4082; x_wconf 74' lang='lat' dir='ltr'><strong>versum</strong></span> <span class='ocrx_word' id='word_1_532' title='bbox 651 4029 966 4096; x_wconf 83' lang='lat' dir='ltr'><strong>respiciant</strong></span> <span class='ocrx_word' id='word_1_533' title='bbox 989 4026 1262 4079; x_wconf 84' lang='lat' dir='ltr'><strong>homines</strong></span> <span class='ocrx_word' id='word_1_534' title='bbox 1279 4062 1295 4091; x_wconf 92' lang='lat'>‚</span> <span class='ocrx_word' id='word_1_535' title='bbox 1333 4028 1493 4080; x_wconf 80' lang='lat' dir='ltr'><strong>nihil</strong></span> <span class='ocrx_word' id='word_1_536' title='bbox 1524 4028 1834 4098; x_wconf 84' lang='lat' dir='ltr'><strong>reperient</strong></span> <span class='ocrx_word' id='word_1_537' title='bbox 1858 4029 1915 4081; x_wconf 87' lang='lat' dir='ltr'><strong>in</strong></span> <span class='ocrx_word' id='word_1_538' title='bbox 1946 4033 2157 4083; x_wconf 84' lang='lat' dir='ltr'><strong>salutis</strong></span> <span class='ocrx_word' id='word_1_539' title='bbox 2183 4030 2480 4098; x_wconf 88' lang='lat' dir='ltr'><strong>doctrina,</strong></span> <span class='ocrx_word' id='word_1_540' title='bbox 2508 4034 2678 4103; x_wconf 85' lang='lat' dir='ltr'><strong>quod</strong></span> 
     </span>
     <span class='ocr_line' id='line_1_55' title="bbox 389 4096 2686 4156; baseline 0.003 -6"><span class='ocrx_word' id='word_1_541' title='bbox 389 4105 511 4150; x_wconf 84' lang='lat' dir='ltr'><strong>non&#39;</strong></span> <span class='ocrx_word' id='word_1_542' title='bbox 539 4097 657 4149; x_wconf 86' lang='lat' dir='ltr'><strong>huc</strong></span> <span class='ocrx_word' id='word_1_543' title='bbox 685 4096 1063 4148; x_wconf 75' lang='lat' dir='ltr'><strong>referendum</strong></span> <span class='ocrx_word' id='word_1_544' title='bbox 1093 4096 1191 4149; x_wconf 86' lang='lat' dir='ltr'><strong>sit.</strong></span> <span class='ocrx_word' id='word_1_545' title='bbox 1273 4096 1553 4148; x_wconf 87' lang='lat' dir='ltr'><strong>Continet</strong></span> <span class='ocrx_word' id='word_1_546' title='bbox 1581 4096 1738 4150; x_wconf 89' lang='lat' dir='ltr'><strong>enim</strong></span> <span class='ocrx_word' id='word_1_547' title='bbox 1765 4113 1882 4150; x_wconf 82' lang='lat' dir='ltr'><strong>una</strong></span> <span class='ocrx_word' id='word_1_548' title='bbox 1911 4100 2140 4152; x_wconf 88' lang='lat' dir='ltr'><strong>Christi</strong></span> <span class='ocrx_word' id='word_1_549' title='bbox 2173 4101 2419 4152; x_wconf 85' lang='lat' dir='ltr'><strong>dileetio</strong></span> <span class='ocrx_word' id='word_1_550' title='bbox 2458 4119 2686 4156; x_wconf 60' lang='lat' dir='ltr'><strong>omnes</strong></span> 
     </span>
     <span class='ocr_line' id='line_1_56' title="bbox 393 4162 2678 4235; baseline 0.002 -15"><span class='ocrx_word' id='word_1_551' title='bbox 393 4166 722 4235; x_wconf 79' lang='lat' dir='ltr'><strong>sapientiae</strong></span> <span class='ocrx_word' id='word_1_552' title='bbox 760 4180 1052 4217; x_wconf 88' lang='lat' dir='ltr'><strong>numeros.</strong></span> <span class='ocrx_word' id='word_1_553' title='bbox 1102 4162 1240 4215; x_wconf 86' lang='lat' dir='ltr'><strong>ideo</strong></span> <span class='ocrx_word' id='word_1_554' title='bbox 1269 4181 1385 4230; x_wconf 89' lang='lat' dir='ltr'><strong>quo</strong></span> <span class='ocrx_word' id='word_1_555' title='bbox 1417 4163 1661 4215; x_wconf 83' lang='lat' dir='ltr'><strong>facilior</strong></span> <span class='ocrx_word' id='word_1_556' title='bbox 1687 4167 1763 4218; x_wconf 86' lang='lat' dir='ltr'><strong>sit</strong></span> <span class='ocrx_word' id='word_1_557' title='bbox 1791 4183 1993 4220; x_wconf 87' lang='lat' dir='ltr'><strong>sensus</strong></span> <span class='ocrx_word' id='word_1_558' title='bbox 2012 4205 2029 4233; x_wconf 86' lang='lat'>,</span> <span class='ocrx_word' id='word_1_559' title='bbox 2079 4170 2166 4222; x_wconf 81' lang='lat' dir='ltr'><strong>ita</strong></span> <span class='ocrx_word' id='word_1_560' title='bbox 2193 4169 2416 4222; x_wconf 83' lang='lat' dir='ltr'><strong>resolvi</strong></span> <span class='ocrx_word' id='word_1_561' title='bbox 2446 4170 2678 4224; x_wconf 82' lang='lat' dir='ltr'><strong>dehent</strong></span> 
     </span>
     <span class='ocr_line' id='line_1_57' title="bbox 391 4232 2679 4308; baseline -0.003 -21"><span class='ocrx_word' id='word_1_562' title='bbox 391 4234 573 4287; x_wconf 60' lang='lat' dir='ltr'><strong>verba</strong></span> <span class='ocrx_word' id='word_1_563' title='bbox 591 4251 608 4285; x_wconf 73' lang='grc' dir='ltr'><strong><em>ε</em></strong></span> <span class='ocrx_word' id='word_1_564' title='bbox 652 4234 729 4285; x_wconf 88' lang='lat' dir='ltr'><strong>Ut</strong></span> <span class='ocrx_word' id='word_1_565' title='bbox 757 4232 998 4285; x_wconf 85' lang='lat' dir='ltr'><strong>valeatis</strong></span> <span class='ocrx_word' id='word_1_566' title='bbox 1027 4232 1528 4300; x_wconf 69' lang='lat' dir='ltr'><strong>comprehendere</strong></span> <span class='ocrx_word' id='word_1_567' title='bbox 1553 4233 1780 4288; x_wconf 87' lang='lat' dir='ltr'><strong>Christi</strong></span> <span class='ocrx_word' id='word_1_568' title='bbox 1809 4236 2209 4306; x_wconf 82' lang='lat' dir='ltr'><strong>dilectionem,</strong></span> <span class='ocrx_word' id='word_1_569' title='bbox 2251 4255 2400 4308; x_wconf 82' lang='lat' dir='ltr'><strong>quae</strong></span> <span class='ocrx_word' id='word_1_570' title='bbox 2425 4247 2513 4290; x_wconf 80' lang='lat' dir='ltr'><strong>est</strong></span> <span class='ocrx_word' id='word_1_571' title='bbox 2538 4235 2679 4290; x_wconf 61' lang='lat' dir='ltr'><strong>lon*-</strong></span> 
     </span>
     <span class='ocr_line' id='line_1_58' title="bbox 390 4297 2675 4374; baseline 0.002 -20"><span class='ocrx_word' id='word_1_572' title='bbox 390 4302 597 4373; x_wconf 82' lang='lat' dir='ltr'><strong>gitudo</strong></span> <span class='ocrx_word' id='word_1_573' title='bbox 614 4341 631 4367; x_wconf 87' lang='lat'><em>,</em></span> <span class='ocrx_word' id='word_1_574' title='bbox 668 4300 921 4355; x_wconf 86' lang='lat' dir='ltr'><strong>latitudo</strong></span> <span class='ocrx_word' id='word_1_575' title='bbox 940 4336 957 4365; x_wconf 88' lang='lat'>‚</span> <span class='ocrx_word' id='word_1_576' title='bbox 990 4300 1452 4372; x_wconf 67' lang='lat' dir='ltr'><strong>profunditas-,et</strong></span> <span class='ocrx_word' id='word_1_577' title='bbox 1479 4302 1727 4354; x_wconf 84' lang='lat' dir='ltr'><strong>altitudo</strong></span> <span class='ocrx_word' id='word_1_578' title='bbox 1757 4305 2092 4372; x_wconf 65' lang='lat' dir='ltr'><strong>sapientiae,</strong></span> <span class='ocrx_word' id='word_1_579' title='bbox 2117 4318 2377 4370; x_wconf 85' lang='lat' dir='ltr'><strong>nostrae,</strong></span> <span class='ocrx_word' id='word_1_580' title='bbox 2414 4307 2532 4357; x_wconf 87' lang='lat' dir='ltr'><strong>hoc</strong></span> <span class='ocrx_word' id='word_1_581' title='bbox 2561 4297 2675 4374; x_wconf 83' lang='lat' dir='ltr'><strong>est,</strong></span> 
     </span>
     <span class='ocr_line' id='line_1_59' title="bbox 389 4367 2681 4444; baseline 0.001 -21"><span class='ocrx_word' id='word_1_582' title='bbox 389 4381 515 4423; x_wconf 89' lang='lat' dir='ltr'><strong>tota</strong></span> <span class='ocrx_word' id='word_1_583' title='bbox 546 4370 858 4440; x_wconf 86' lang='lat' dir='ltr'><strong>perfectio.</strong></span> <span class='ocrx_word' id='word_1_584' title='bbox 926 4367 1396 4423; x_wconf 87' lang='lat' dir='ltr'><strong>Similitudinem</strong></span> <span class='ocrx_word' id='word_1_585' title='bbox 1422 4371 1576 4424; x_wconf 81' lang='lat' dir='ltr'><strong>enim</strong></span> <span class='ocrx_word' id='word_1_586' title='bbox 1604 4370 1789 4424; x_wconf 85' lang='lat' dir='ltr'><strong>sumit</strong></span> <span class='ocrx_word' id='word_1_587' title='bbox 1812 4390 1846 4425; x_wconf 87' lang='lat' dir='ltr'><strong>a</strong></span> <span class='ocrx_word' id='word_1_588' title='bbox 1873 4374 2340 4440; x_wconf 79' lang='lat' dir='ltr'><strong>mathematicis,</strong></span> <span class='ocrx_word' id='word_1_589' title='bbox 2379 4382 2446 4425; x_wconf 89' lang='lat' dir='ltr'><strong>ut</strong></span> <span class='ocrx_word' id='word_1_590' title='bbox 2471 4391 2508 4427; x_wconf 88' lang='lat' dir='ltr'><strong>a</strong></span> <span class='ocrx_word' id='word_1_591' title='bbox 2537 4392 2681 4444; x_wconf 80' lang='lat' dir='ltr'><strong>par-</strong></span> 
     </span>
     <span class='ocr_line' id='line_1_60' title="bbox 389 4436 2675 4509; baseline 0.003 -17"><span class='ocrx_word' id='word_1_592' title='bbox 389 4438 550 4495; x_wconf 81' lang='lat' dir='ltr'><strong>tibus</strong></span> <span class='ocrx_word' id='word_1_593' title='bbox 573 4441 775 4494; x_wconf 80' lang='lat' dir='ltr'><strong>totuin</strong></span> <span class='ocrx_word' id='word_1_594' title='bbox 802 4436 1084 4509; x_wconf 73' lang='lat' dir='ltr'><strong>designet.</strong></span> <span class='ocrx_word' id='word_1_595' title='bbox 1130 4437 1413 4508; x_wconf 81' lang='lat' dir='ltr'><strong>quoniam</strong></span> <span class='ocrx_word' id='word_1_596' title='bbox 1437 4438 1537 4493; x_wconf 82' lang='lat' dir='ltr'><strong>hic</strong></span> <span class='ocrx_word' id='word_1_597' title='bbox 1563 4439 1832 4497; x_wconf 79' lang='lat' dir='ltr'><strong>omnium</strong></span> <span class='ocrx_word' id='word_1_598' title='bbox 1856 4442 1987 4495; x_wconf 78' lang='lat' dir='ltr'><strong>fere</strong></span> <span class='ocrx_word' id='word_1_599' title='bbox 2017 4445 2350 4499; x_wconf 87' lang='lat' dir='ltr'><strong>communis</strong></span> <span class='ocrx_word' id='word_1_600' title='bbox 2382 4451 2473 4496; x_wconf 85' lang='lat' dir='ltr'><strong>est</strong></span> <span class='ocrx_word' id='word_1_601' title='bbox 2505 4460 2675 4509; x_wconf 80' lang='lat' dir='ltr'><strong>nior·</strong></span> 
     </span>
    </p>
   </div>
   <div class='ocr_carea' id='block_1_5' title="bbox 458 4666 554 4723">
    <p class='ocr_par' dir='ltr' id='par_1_5' title="bbox 458 4666 554 4723">
     <span class='ocr_line' id='line_1_61' title="bbox 458 4666 554 4723; baseline 0 -51"><span class='ocrx_word' id='word_1_602' title='bbox 458 4691 473 4723; x_wconf 35' lang='grc' dir='ltr'>ἱ</span> <span class='ocrx_word' id='word_1_603' title='bbox 547 4666 554 4672; x_wconf 92' lang='grc'>.</span> 
     </span>
    </p>
   </div>
  </div>
 </body>
</html>
