2820 4895
262 262 266 271 ·
337 242 465 305 sae
605 186 606 189 Ὺ
809 238 812 241 ’
888 237 997 301 m
1064 184 2086 341 ems‘roAssL-Panm

341 422 480 462 crae
510 405 874 474 encomium,
915 405 1068 476 quod
1093 423 1212 471 non
1238 403 1473 459 aliunde
1500 402 1753 474 petenda
1777 403 2168 473 sit‚'sapientia
2189 440 2207 472 ,
2256 418 2409 473 quae
2438 402 2515 456 ad
2551 419 2658 455 sa-

340 478 528 530 lutem
553 476 806 532 sufficiat
824 515 842 543 ,
878 477 1049 529 sicuti
1078 479 1258 530 etiam
1285 477 1553 544 proxima
1578 477 1868 528 sententia
1894 476 2121 543 plenius
2155 474 2454 541 exprimit.
2534 475 2657 525 Ve-

347 565 483 600 rum
509 546 683 601 simul
711 548 851 616 quid
876 547 942 598 in
966 548 1267 616 Scriptura
1289 550 1415 614 ipsa
1444 547 1843 617 quaerendum
1871 549 1978 611 sit,
2032 547 2340 607 admonet3
2397 559 2541 595 nam
2597 552 2662 594 et

385 618 1044 686 seudoprophetae·eam
1069 627 1436 688 praetexunt.
1511 618 1711 685 Quare
1739 624 1805 668 ut
1832 617 1998 668 nobis
2032 616 2107 667 ad
2143 615 2389 667 salutem
2425 615 2505 665 sit
2535 613 2660 677 uti·

377 689 455 754 ὀ,
508 697 714 740 tenere
753 686 982 741 rectum
1022 690 1207 757 ipsius
1246 704 1413 739 usum
1454 702 1691 738 necesse
1733 694 1836 739 est.
1903 686 2059 756 Quid
2087 689 2279 752 enim,
2325 685 2374 736 si
2402 683 2660 735 curiosis

345 766 578 811 tantum
607 759 1039 827 quaestionibus
1068 762 1195 829 quis
1216 756 1554 825 indulgeat?
1589 758 1640 809 si
1665 759 1728 808 in
1758 758 1956 808 littera
1982 756 2157 807 modo
2186 755 2657 827 Legis'haereat,

349 845 460 881 nec
501 834 747 899 quaerat
783 828 1124 882 Christum?
1182 829 1321 899 quid
1363 830 1413 879 si
1456 820 1753 895 pervertat
1792 827 2109 895 genuinum
2153 842 2384 877 sensum
2438 825 2660 876 alienis

263 924 267 935 ·
353 898 738 953 commentis?
816 900 1066 951 Proinde
1112 916 1233 952 non
1276 899 1569 950 immerito
1618 914 1723 951 nos
1777 898 1850 948 ad
1892 896 2070 949 fidem
2117 896 2336 951 Christi
2386 905 2658 962 revocat,

350 980 633 1039 tanquam
661 969 737 1022 ad
767 986 1008 1038 scopum
1038 980 1214 1039 atque
1241 968 1389 1021 adeo
1415 984 1719 1021 summam.
1789 969 1941 1020 Nam
1984 976 2044 1021 et
2086 983 2150 1020 ex
2188 982 2258 1023 ea
2294 966 2659 1035 dependent,

358 1056 511 1109 quae
538 1056 671 1091 mox
702 1049 1040 1109 sequuntur.
1083 1088 1086 1091 .
1554 1096 1559 1105 τ

493 1111 578 1163 16.
652 1109 858 1163 Omnis
902 1112 1225 1176 Scriptura.
1313 1108 1423 1159 Vel
1462 1108 1653 1183 Tota,
1718 1121 2055 1174 quanquam
2097 1105 2171 1157 ad
2217 1120 2452 1177 sensum
2500 1101 2666 1166 nihil

350 1180 615 1231 interest.
698 1180 1075 1248 Prosequitur
1112 1177 1259 1229 illud
1297 1179 1663 1241 encomium,
1720 1175 1877 1244 quod
1917 1177 2171 1229 breviter
2205 1177 2658 1243 perstrinxerat.

348 1252 434 1302 Ac
457 1249 715 1317 primum
742 1250 973 1317 quidem
999 1249 1072 1305 ah
1101 1248 1456 1300 auctoritate
1486 1246 1849 1314 Scripturam
1877 1246 2280 1311 commendat,
2336 1246 2548 1297 deinde
2581 1244 2658 1295 ab

350 1319 647 1386 utilitate,
712 1336 859 1388 quae
898 1320 1034 1371 inde
1072 1319 1356 1386 provenit.
1441 1319 1517 1369 Ut
1558 1318 1898 1382 Scripturae
1943 1313 2356 1369 auctoritatem
2406 1312 2659 1378 asserat,

349 1390 660 1441 Divinitas
689 1407 810 1440 esse
836 1392 1191 1458 inspiratam
1219 1389 1410 1440 docet.
1480 1388 1634 1440 Nam
1662 1389 1711 1439 si
1736 1388 1821 1438 ita
1846 1394 1965 1455 est,
1993 1386 2153 1439 ,nihil
2187 1384 2436 1453 amplius
2467 1392 2662 1437 restat

355 1453 826 1524 controversiae,
883 1459 1026 1527 quin
1069 1468 1401 1511 reverenter
1441 1458 1808 1525 suscipienda
1849 1458 1927 1508 sit
1967 1458 2042 1508 ab
2082 1457 2437 1521 hominibus„
2524 1456 2662 1518 Hoc

347 1529 704 1599 principium
742 1538 859 1591 est,
914 1528 1071 1597 quod
1106 1529 1448 1598 religionem
1487 1538 1748 1580 nostram
1784 1527 1858 1579 ab
1891 1527 2021 1579 aliis
2048 1528 2319 1583 omnibus
2352 1525 2659 1592 discernit,

350 1600 505 1672 ,quod
533 1599 781 1664 scimuS,
834 1601 1024 1659 Deum
1056 1599 1235 1663 nobis,
1262 1600 1572 1669 loquutum
1602 1615 1759 1664 esse,
1818 1606 2094 1668 certoque
2135 1596 2395 1665 persuasi
2434 1612 2659 1661 sumus,

356 1685 479 1720 non
511 1686 580 1719 ex
607 1685 709 1720 suo
740 1686 910 1720 sensu
938 1669 1208 1737 loquutos
1239 1687 1357 1722 esse
1382 1667 1736 1736 Prophetas,
1776 1666 1875 1719 sed
1903 1678 1965 1719 ut
1994 1677 2161 1719 erant
2187 1667 2438 1736 Spiritus
2464 1667 2660 1717 sancti

355 1755 614 1807 organa,
669 1747 900 1791 tantum
942 1740 1290 1807 protulisse,
1342 1755 1494 1808 quae
1536 1739 1780 1790 coelitus
1823 1737 2101 1789 mandata
2143 1738 2399 1790 fuerant.
2479 1737 2662 1805 Quis-

352 1811 480 1879 quis
509 1826 649 1878 ergo
678 1810 801 1861 vult
828 1811 889 1860 in
921 1811 1237 1875 scripturis
1264 1810 1586 1878 proficere,
1626 1808 1739 1861 hoc
1768 1825 1963 1861 secum
1993 1809 2056 1859 in
2083 1809 2288 1875 primis
2319 1807 2661 1873 constituat,

350 1880 569 1946 Legem
599 1888 656 1930 et
684 1880 1025 1946 Prophetias
1053 1896 1173 1932 non
1200 1898 1324 1932 esse
1358 1880 1688 1931 doctrinam
1720 1878 2028 1930 hominum
2057 1879 2303 1930 arbitrio
2340 1878 2665 1947 proditam,

355 1951 459 2003 sed
490 1967 523 2000 a
543 1950 760 2019 Spiritu
787 1958 990 2001 sancto
1020 1951 1321 2003 dictatam.
1392 1950 1450 2002 Si
1479 1950 1606 2018 quis
1635 1950 1912 2013 obiiciat,
1951 1948 2247 2001 undenam
2272 1948 2332 2000 id
2362 1949 2502 2001 sciri
2527 1965 2660 2014 pos-

351 2020 457 2072 sit:
494 2011 853 2089 respondeo,
896 2022 1155 2074 eiusdem
1186 2018 1434 2089 Spiritus
1456 2020 1832 2085 ‘revelatione'
1851 2018 1978 2071 tarn
2009 2019 2304 2087 discipulis
2331 2035 2512 2086 quam
2542 2020 2658 2070 Do-

353 2091 613 2149 ctoribus
639 2094 829 2143 Deum
870 2092 1141 2161 patefieri
1186 2090 1509 2143 auctorem.
1585 2091 1786 2159 Neque
1826 2093 1983 2141 enim
2017 2091 2211 2142 Moses
2243 2097 2302 2140 et
2328 2088 2659 2154 Prophetae

349 2169 578 2212 temere
616 2162 1032 2230 prodiderunt,
1088 2178 1240 2231 quae
1279 2161 1564 2212 habemus
1595 2177 1665 2211 ex
1695 2175 1899 2211 eorum
1926 2176 2139 2220 manu3
2199 2160 2299 2211 sed
2336 2176 2520 2229 quum
2546 2158 2660 2210 Dei

347 2231 606 2300 impulsu
644 2233 1057 2301 loquerentur,
1106 2231 1470 2283 confidenter
1509 2246 1578 2281 ac
1623 2228 1952 2297 intrepide,
2004 2239 2070 2281 ut
2110 2247 2204 2282 res
2245 2240 2406 2293 erat,
2456 2228 2662 2281 testati

355 2310 526 2366 sunt,
573 2319 635 2353 os
662 2304 902 2356 Domini
940 2304 1248 2371 loquutum
1285 2318 1437 2353 esse..
1512 2300 1677 2352 Idem
1717 2316 1855 2368 ergo
1887 2295 2168 2369 Spiritus,
2223 2302 2322 2369 qui
2350 2302 2563 2352 Mosen
2604 2308 2662 2351 et
2748 2332 2763 2345 ο

347 2372 672 2439 Prophetas
712 2374 1034 2425 vocationis
1081 2390 1217 2425 suae
1261 2371 1518 2423 reddidit
1562 2356 1877 2436 cer'tiores,
1932 2387 2091 2437 nunc
2134 2386 2368 2440 quoque
2407 2377 2662 2421 testatur

350 2444 623 2495 cordibus
675 2440 946 2511 nostris,'
994 2460 1196 2497 eorum
1239 2460 1300 2494 se
1340 2441 1668 2494 ministerio
1709 2457 1875 2494 usum
1919 2458 2043 2492 esse
2091 2441 2167 2493 ad
2207 2458 2312 2493 nos
2353 2440 2661 2493 docendos.

350 2516 560 2583 Itaque
585 2531 704 2565 non
737 2516 950 2566 mirum
972 2552 988 2580 ,
1023 2515 1078 2564 'si
1108 2514 1372 2582 plerique
1405 2514 1473 2562 de
1501 2520 1743 2564 auctore
1777 2511 2114 2580 Scripturae
2147 2509 2434 2564 dubitent.
2506 2513 2665 2568 Nam

355 2594 658 2653 uteunque
687 2584 807 2637 illic
842 2585 953 2637 Dei
997 2585 1270 2636 maiestas
1316 2600 1378 2634 se
1420 2582 1891 2638 ostendat:.non
1936 2591 2134 2634 tamen
2172 2582 2395 2634 habent
2441 2581 2656 2645 oculos,

352 2655 468 2705 nisi
511 2656 607 2723 qui
643 2665 779 2707 sunt
815 2674 850 2706 a
889 2655 1110 2723 Spiritu
1151 2660 1354 2706 sancto
1394 2650 1743 2718 illuminati,
1794 2661 1861 2704 ut
1890 2660 2171 2718 cernant,
2212 2654 2368 2721 quod
2395 2652 2662 2703 omnibus

353 2725 589 2793 quidem
636 2742 759 2776 esse
802 2725 1082 2791 debebat,
1132 2722 1269 2774 solis
1302 2732 1503 2774 tamen
1534 2723 1734 2774 electis
1766 2732 1854 2782 est
1888 2724 2282 2791 conspicuum.
2344 2724 2478 2774 Hoc
2504 2722 2663 2790 prius

355 2804 445 2846 est
472 2795 798 2847 membrum
819 2833 833 2861 ,
872 2796 1122 2847 eandem
1150 2794 1487 2861 Scripturae
1516 2793 1910 2845 reverentiam
1941 2794 2173 2857 deberi,
2210 2809 2386 2863 qnam
2411 2795 2541 2844 Deo
2569 2791 2664 2842 de-

350 2865 599 2917 ferimus
620 2906 636 2934 ,
694 2870 830 2935 quia
864 2865 934 2917 ab
968 2882 1036 2916 eo
1067 2865 1187 2918 solo
1213 2865 1517 2930 manavit,
1568 2880 1679 2914 nec
1712 2864 2026 2932 quicquam
2056 2863 2300 2915 humani
2337 2862 2525 2924 habet
2564 2861 2663 2912 ad-

356 2938 618 2988 mistum.
762 2940 837 2987 Et
865 2936 1038 2986 utilis
1067 2944 1176 2986 etc.
1249 2934 1525 3003 Sequitur
1552 2950 1709 2986 nunc
1734 2933 1921 2984 altera
1947 2951 2083 3001 pars
2111 2932 2662 2995 commendationis,

355 3006 494 3076 quia
547 3003 875 3074 perfectam
926 3004 1077 3056 bene
1127 3006 1441 3073 beateque¹
1472 3004 1704 3056 vivendi
1742 3003 2029 3072 regulam
2086 3005 2408 3060 contineat.
2495 3001 2667 3071 Quod

352 3093 535 3145 quum
565 3074 743 3138 dicit,
796 3073 1127 3141 significat,
1184 3091 1317 3128 eam
1350 3074 1650 3141 eorrumpi
1677 3090 1853 3140 pravo
1885 3074 2103 3141 abusu,
2155 3075 2257 3127 uhi
2286 3091 2404 3125 non
2433 3074 2664 3139 quaeri-

348 3155 448 3199 tur
480 3145 628 3200 haec
654 3145 918 3196 utilitas.·
970 3146 1160 3213 Atque
1205 3147 1290 3196 ita
1330 3145 1563 3214 oblique
1599 3145 1924 3196 nebulones
1959 3145 2117 3198 illos·
2138 3143 2522 3212 perstringit,
2571 3143 2669 3213 qui

353 3218 519 3269 vanis
560 3214 1052 3286 speculationibus
1101 3216 1388 3283 tanquam
1435 3224 1614 3265 vento·
1647 3216 1930 3295 populum
1974 3217 2317 3282 pascebant.
2403 3215 2539 3282 Qua
2575 3230 2669 3268 ra-

349 3288 513 3340 tione
551 3302 849 3355 possumus
886 3283 1063 3335 hodie
1095 3285 1385 3336 'damnare
1432 3302 1668 3352 omnes,
1724 3286 1825 3354 qui
1867 3285 2207 3352 posthabito
2243 3284 2670 3338 aedificationis

349 3358 540 3410 studio
584 3351 815 3424 argutas
857 3363 1192 3406 tantumzet
1227 3354 1476 3414 ‚frivolas
1520 3358 1890 3424 quaestiones
1935 3356 2183 3425 agitant.
2264 3359 2395 3422 Imo
2438 3356 2670 3423 quoties

346 3427 596 3479 frivolae
629 3424 915 3480 eiusmodi
948 3425 1209 3493 argutiae
1248 3427 1593 3495 ingeruntur
1635 3426 1696 3475 in
1735 3425 2027 3492 medium,
2079 3426 2192 3477 hoc
2239 3426 2440 3494 clypeo
2482 3426 2671 3492 repel-

352 3497 566 3550 lendae
608 3506 775 3561 sunt,
828 3496 979 3564 quod
1031 3495 1190 3547 utilis
1236 3498 1309 3548 sit
1352 3496 1680 3564 Scriptura.
1764 3495 1932 3548 Unde
1977 3499 2264 3568 sequitur,
2316 3495 2483 3546 nefas
2526 3512 2668 3559 esse,

352 3585 482 3620 eam
517 3577 774 3619 tractare
818 3565 1122 3624 inutiliter.
1195 3567 1399 3634 Neque
1442 3568 1600 3620 enim
1639 3565 1730 3618 vel
1758 3567 2099 3619 curiositati
2132 3576 2364 3630 nostrae
2403 3565 2669 3634 obsequi,

349 3639 446 3688 vel
484 3629 860 3691 ostentationi
898 3636 1239 3710 indulgere,
1294 3637 1385 3687 vel
1427 3635 1732 3689 fabulandi
1766 3645 1825 3687 et
1861 3632 2158 3703 garriendi
2191 3638 2329 3689 dare
2360 3638 2667 3687 materiam

352 3707 537 3759 voluit
564 3703 884 3770 Dbminus,
934 3723 1116 3777 quum
1148 3706 1479 3774 Scripturas
1506 3707 1676 3759 nobis
1704 3706 1984 3773 tradidit,
2032 3710 2137 3759 sed
2162 3708 2455 3776 prodesse.
2524 3708 2670 3758 Pro-

350 3777 489 3828 inde
517 3787 709 3848 rectus
733 3777 1068 3844 Scripturae
1099 3791 1235 3827 usus
1265 3776 1340 3828 ad
1368 3778 1702 3854 proseptum
1729 3778 1968 3829 tendere
1997 3791 2227 3847 semper
2252 3776 2446 3829 debet.
2588 3777 2671 3825 Ad

352 3849 699 3900 doctrinam.
771 3848 884 3898 Hic
923 3864 1027 3915 per
1069 3847 1293 3913 species
1332 3857 1676 3913 enumerat,
1729 3863 1907 3915 quam
1947 3850 2110 3901 varia
2145 3848 2223 3900 sit
2261 3864 2330 3900 ac
2369 3842 2674 3911 multiplex

352 3916 597 3969 utilitas.
669 3920 751 3967 Ac
794 3916 982 3985 primo
1030 3916 1267 3988 quidem
1306 3916 1440 3968 loco
1486 3918 1654 3985 ponit
1694 3917 2063 3986 doctrinam,
2102 3917 2287 3971 ‘sicuti
2320 3915 2530 3976 ordine
2562 3914 2673 3965 alia

352 3987 551 4038 omnia
582 3987 899 4054 praecedit.
972 3986 1399 4041 Frustra-enim
1428 3987 1683 4039 horteris
1712 3988 1806 4038 vel
1832 4005 2043 4057 arguas
2062 4027 2077 4054 ‚
2129 3989 2245 4041 nisi
2275 3987 2433 4056 prius
2462 3986 2673 4038 docue-

353 4058 456 4113 ris.
540 4056 657 4109 Sed
700 4057 836 4124 quia
871 4073 1044 4126 saepe
1084 4058 1266 4125 friget
1303 4074 1408 4124 per
1452 4071 1513 4109 se
1560 4058 1860 4125 doct-rina,
1910 4058 2073 4110 addit
2113 4057 2579 4123 redargutionem
2620 4069 2673 4105 et

356 4128 797 4186 correctionem.
867 4128 1050 4178 Porro
1082 4128 1228 4197 quid
1254 4139 1323 4178 ex
1351 4128 1669 4197 scripturis
1704 4127 2033 4194 discamus,
2085 4128 2259 4179 nimis
2300 4127 2545 4192 longum
2588 4140 2672 4173 es-

350 4206 439 4248 set
487 4195 819 4265 explicare,
875 4205 935 4247 et
975 4197 1096 4249 iam
1134 4198 1295 4266 prius
1335 4198 1595 4251 breviter
1635 4214 1926 4249 summam
1967 4196 2194 4250 notavit
2232 4197 2337 4249 suh
2365 4194 2530 4248 Fidei
2562 4209 2670 4244 no·

354 4268 533 4320 mine.
620 4268 784 4340 Haec
821 4263 1009 4333 igitur
1048 4269 1364 4335 praecipua
1405 4278 1495 4321 est
1536 4269 1818 4335 scientia,
1873 4267 2016 4321 fides
2053 4269 2115 4321 in
2167 4267 2420 4320 Christo.
2468 4305 2473 4308 -
2506 4265 2672 4320 Hanc

354 4335 621 4405 sequitur
657 4334 958 4387 institutio
998 4338 1344 4391 formandae
1383 4339 1575 4406 vitae,
1620 4336 2174 4392 acceduntstimuli
2203 4333 2673 4391 exhortationum

356 4414 418 4459 et
449 4405 993 4475 reprehensionum.
1066 4410 1166 4462 Ita
1189 4409 1293 4481 qui
1324 4408 1653 4481 Scripturis,
1673 4410 1787 4463 rite
1810 4409 2043 4464 uti-scit
2061 4448 2079 4479 ,
2129 4407 2270 4464 huic
2290 4405 2443 4461 nihil
2472 4405 2550 4459 ad
2574 4414 2668 4457 sa-
