2820 4895
756 200 895 316 An
949 230 1992 337 nsnaanoscnxxm.
2069 313 2073 317 ,
2258 283 2285 335 „2
2386 246 2532 317 517

231 468 238 471 ,
313 424 404 476 w-l.
479 419 768 476 Marna
807 420 1040 474 caritas
1075 435 1174 475 ma:
1193 443 1200 449 ’
1222 419 1315 479 Da
1342 402 1837 475 amores-fauno
1861 415 2019 484 forta
2048 416 2518 493 idanus-ipis,

204 489 357 562 quia
393 488 646 545 obscura
685 505 757 543 ex
789 488 946 544 fastu
978 487 1330 543 Iudaeorum
1369 487 1637 545 simultas
1669 485 1944 561 ccclesias
1972 487 2239 555 scindere
2268 493 2517 557 poterat,

195 576 556 631 quanquam
592 561 658 613 in
679 575 904 629 genere
918 558 1070 612 haec
1091 557 1434 627 praeceptio
1461 557 2138 625 valde-,est'mosssaria,
2192 558 2330 629 qnia
2369 557 2518 613 nihil
2556 574 2568 585 ‘

197 631 448 691 facilius
479 629 697 683 diffluit
724 647 900 701 quam
943 631 1188 696 caritas,
1238 629 1378 681 dum
1417 629 1529 682 sibi
1568 629 1817 699 quisque
1854 627 1982 696 plus
2010 638 2209 699 =aequo
2249 629 2517 682 addictus

204 702 347 753 aliis
387 699 582 754 minus
622 700 850 765 tribuit.
935 699 1168 754 Deinde
1216 699 1482 769 qnotidie
1526 699 1928 760 intervmiunt
1964 694 2193 769 multae
2234 698 2511 765 offensae,

201 788 365 841 quae
404 774 524 825 nos
555 781 847 841 separent.
907 772 1267 827 ›Fr-aternam
1294 769 1552 839 appellat
1570 808 1587 837 ,
1638 784 1760 822 non
1791 778 2021 823 tantum
2049 778 2116 822 ut
2143 770 2426 840 singulari
2454 774 2515 822 et

197 840 427 895 intimo
466 841 680 896 amoris
718 840 934 894 affectu
972 842 1325 894 deberemus
1359 849 1566 892 mutuo
1594 857 1719 893 esse
1751 839 2096 893 coniunctos
2122 839 2327 894 doceat
2341 857 2371 904 ς»
2408 839 2513 892 sed

206 913 399 966 etiam
436 921 501 964 ut
534 911 1008 980 meminerimus,
1055 927 1173 975 non
1194 910 1376 963 »aliter
1395 910 1519 963 nos'.
1537 909 1898 981 Christianos
1927 926 2050 963 esse
2077 922 2283 981 posse,
2333 925 2512 980 qnam

143 1008 144 1013 ¹
199 983 257 1035 si
304 982 516 1036 statres
555 983 751 1036 simus.
821 985 972 1036 Nam
1008 982 1078 1033 de
1105 994 1305 1033 amore
1331 981 1631 1054 loquitur,
1678 996 1857 1054 quem
1891 983 2049 1049 inter
2092 997 2153 1034 se
2185 980 2379 1034 colere
2417 979 2515 1033 de·

203 1051 357 1107 nent
402 1051 709 1116 domestici
750 1050 921 1119 fidei,
984 1051 1475 1121 quemadmodum
1513 1051 1799 1105 Dominus
1838 1053 2137 1109 communi
2179 1050 2511 1119 adoptionis

205 1123 446 1174 vinculo
489 1125 706 1175 arctius
752 1139 849 1175 eos
892 1123 1382 1191 simuldevinxit.
1466 1124 1673 1191 Itaque
1710 1122 1872 1174 utilis
1912 1123 1978 1173 in
2017 1121 2204 1189 prima
2232 1119 2513 1175 'Ecclesid

199 1191 324 1244 fuit
352 1192 632 1261 loquendi
656 1192 1012 1257 consuetudo
1030 1230 1047 1258 ‚
1087 1193 1244 1262 quod
1268 1208 1336 1243 se
1356 1190 1677 1247 Christiani
1709 1193 1922 1244 fratres
1950 1191 2315 1253 vocitabant}
2352 1207 2512 1243 nunc

195 1276 329 1314 una
356 1262 493 1314 cuni
519 1278 585 1314 re
609 1278 824 1314 nomen
849 1263 1043 1330 ipsum
1070 1262 1197 1315 fere
1225 1260 1509 1316 obsolevit
1527 1300 1545 1329 ,
1592 1262 1703 1313 nisi
1741 1261 1898 1331 quod
1926 1277 2094 1314 usum
2123 1264 2245 1313 eius
2276 1261 2355 1312 ab
2382 1261 2510 1314 aliis

203 1331 487 1384 relictum
513 1332 788 1385 monachi
817 1335 891 1386 ad
922 1349 983 1384 se
1010 1334 1382 1403 rapuerunt,
1404 1332 1525 1384 suis
1551 1332 1774 1384 interea
1802 1331 2105 1397 discordiis
2130 1342 2190 1383 et
2211 1331 2510 1403 intestinis

201 1401 566 1455 factionibus
592 1411 873 1461 testantes
904 1408 965 1455 s'e
996 1420 1066 1454 ex
1094 1398 1272 1473 patre
1298 1401 1533 1455 diaholo
1563 1418 1765 1455 omnes
1792 1410 1916 1453 esse
1942 1412 2131 1455 natos.
2486 1416 2491 1425 ·

297 1474 298 1477 ’
349 1471 403 1525 2.
474 1472 929 1540 Hospitalitatis
973 1481 1084 1525 etc.
1167 1470 1298 1525 Hoc
1331 1488 1563 1543 quoque
1608 1472 1988 1525 humanitatis
2029 1470 2291 1524 officium
2324 1488 2510 1541 prope

207 1540 329 1593 coli
370 1541 529 1593 inter
562 1540 830 1597 homines
867 1541 1069 1611 desiit,
1122 1543 1256 1611 quia
1285 1542 1386 1594 illa
1419 1552 1581 1593 vetus
1608 1541 2010 1611 hospitalitas,
2063 1558 2211 1612 quae
2247 1540 2509 1605 historiis

211 1610 582 1680 celebratur,
635 1613 799 1665 nobis
837 1611 1038 1682 ignota
1082 1606 1203 1680 est,
1265 1622 1326 1663 et
1367 1629 1669 1682 cauponae
1703 1612 1881 1664 hodie
1916 1621 2048 1664 sunt
2080 1628 2190 1682 pro
2226 1611 2513 1697 hospitiis.

218 1681 531 1734 Caeterum
570 1699 691 1734 non
715 1692 945 1737 tantum
965 1683 1232 1754 'loquitur
1256 1681 1325 1735 de
1351 1683 1483 1735 iure
1506 1683 1780 1751 hospitii,
1830 1681 1992 1754 ‘quod
2015 1690 2157 1734 tunc
2180 1682 2340 1735 inter
2361 1684 2510 1737 dxvi-

209 1759 305 1803 tes
348 1761 475 1804 erat
513 1752 828 1816 usitatum3
875 1754 976 1806 sed
1010 1754 1202 1820 potius
1243 1752 1407 1806 iubet
1432 1754 1624 1822 excipi
1653 1754 1892 1806 miseros
1920 1759 2094 1823 atque
2119 1758 2388 1822 egentes,
2443 1762 2511 1807 ut

204 1830 354 1875 tunc
390 1822 562 1876 multi
597 1823 771 1887 domo
810 1824 1043 1894 profugi
1086 1830 1255 1876 erant
1280 1832 1523 1893 propter
1545 1823 1764 1876 Christi
1792 1838 2025 1876 nomen.
2094 1826 2166 1875 At
2211 1840 2284 1877 ue
2308 1834 2371 1874 ut
2397 1822 2512 1878 hoc

208 1891 396 1946 officii
419 1906 601 1963 genus
631 1895 820 1965 magis
844 1895 1237 1959 commendet,
1287 1893 1484 1961 addit,
1535 1904 1807 1971 receptos
1843 1888 2158 1965 aliquando
2213 1895 2362 1947 uisse
2391 1895 2511 1946 An·-

208 1962 373 2033 gelos
405 1962 655 2032 hospitio
685 1965 756 2017 ab
781 1964 889 2034 iis,
932 1966 1032 2035 qni
1063 1963 1351 2031 putabant
1382 1981 1441 2016 se
1471 1962 1738 2018 homines
1768 1964 2047 2031 recipere.
2092 1962 2252 2016 'Non
2283 1963 2507 2035 dubito,

209 2031 358 2104 quin
390 2032 463 2086 de
492 2033 784 2089 Abraham
811 2045 865 2089 et
893 2034 1046 2088 Loth
1068 2033 1182 2086 hoc
1210 2035 1285 2086 sit
1310 2033 1780 2104 intelligendum.
1843 2034 2005 2095 'Nam
2044 2048 2224 2103 quum
2265 2050 2335 2086 ex
2364 2051 2509 2106 quo-

207 2101 441 2155 tidiano
469 2118 633 2156 more
656 2103 1113 2174 hospitalitatem
1143 2103 1439 2172 colerent,
1491 2104 1663 2158 inscii
1691 2113 1749 2157 et
1774 2102 1919 2156 nihil
1947 2103 2065 2156 tale
2093 2107 2418 2173 cogitantes
2441 2107 2507 2158 in

2342 1416 2343 1421 ,
2380 1412 2385 1419 ι

214 2172 463 2242 Angelos
492 2173 828 2228 inciderunt
845 2197 861 2229 z
894 2178 980 2228 ita
1004 2193 1125 2228 non
1154 2172 1471 2245 vulgariter
1498 2183 1711 2230 ornata
1731 2174 1846 2226 fuit
1870 2173 2108 2227 illorum
2133 2174 2358 2228 domus.
2429 2174 2509 2230 Et
2562 2206 2565 2213 ·

213 2252 380 2296 certe
402 2245 560 2298 Deus
596 2245 895 2314 probavit,
944 2245 1410 2316 hospitalitatem
1448 2245 1559 2298 sihi
1597 2247 1659 2298 in
1686 2244 1891 2314 primis
1919 2243 2086 2296 cordi
2115 2261 2271 2312 esse,
2325 2256 2508 2315 quum

209 2313 334 2365 tale
362 2316 691 2383 praemium
719 2316 989 2370 Abrahae
1017 2326 1078 2371 et
1102 2314 1251 2369 Loth
1276 2316 1564 2385 rependit.
1638 2316 1698 2370 si
1728 2315 1856 2386 quis
1884 2313 2158 2382 obiiciat,
2192 2331 2404 2368 ⁴rarum
2435 2314 2506 2370 il·

208 2383 315 2436 lud
336 2383 551 2438 fuisset
588 2386 891 2456 responsio
923 2390 985 2439 in
1014 2395 1289 2457 promptu
1318 2394 1438 2456 est,
1474 2394 1594 2439 non
1608 2385 1857 2456 Angelos
1886 2393 2118 2439 tantum
2145 2386 2362 2456 recipi,
2405 2388 2508 2463 sed
2605 2397 2607 2400 ⁴

212 2454 516 2530 Christum
541 2457 765 2527 ipsum,
816 2475 998 2529 quum
1033 2474 1317 2528 pauperes
1342 2456 1405 2509 in
1435 2458 1558 2512 eius
1585 2458 1833 2510 nomine>
1847 2456 2183 2525 recipimus.
2254 2453 2507 2522 Invoci'·

209 2525 320 2577 bus
349 2526 591 2580 Graecis
618 2528 849 2597 elegans
878 2538 966 2581 est
989 2529 1196 2582 allusio
1216 2565 1242 2594 „
1306 2544 1418 2580 uae
1445 2527 1656 2598 Latine
1686 2526 1934 2597 exprimi
1962 2542 2081 2578 non
2108 2536 2320 2593 potest.

348 2595 401 2649 3.
476 2598 760 2650 Memor-es
786 2600 1136 2653 vinctorum.
1205 2598 1283 2651 Ni
1327 2598 1376 2651 il
1400 2608 1525 2669 est,
1557 2598 1730 2668 ‚quod
1751 2612 1858 2649 nos
1883 2595 2505 2662 seriemisericordiae

212 2681 387 2717 sensu
415 2667 598 2735 magis
624 2665 879 2735 afficiat,
918 2686 1090 2752 quam
1119 2668 1170 2722 si
1195 2685 1432 2734 eorum,
1488 2669 1588 2739 qui
1618 2668 1958 2738 affliguntur
1979 2684 2286 2736 personam
2311 2668 2375 2721 in
2398 2683 2506 2720 nos
2529 2667 2536 2683 ¹

207 2735 652 2804 transferamus.
718 2739 859 2791 Ideo
893 2738 1068 2805 dicit,
1108 2735 1350 2811 perinde
1378 2738 1754 2808 cogitandum
1786 2738 1857 2791 de
1886 2739 2128 2806 vinctis,
2181 2755 2250 2792 ac
2281 2740 2330 2791 si
2354 2755 2505 2791 esse·

181 2851 184 2854 ,
208 2821 340 2857 mus
368 2821 571 2859 eorum
603 2807 757 2861 loco.
831 2808 1004 2880 Quod
1027 2820 1231 2880 postea
1263 2810 1324 2866 in
1350 2809 1536 2862 altero
1563 2809 1823 2862 membro
1852 2808 2146 2879 sequitur,
2207 2807 2508 2879 Tanquam

207 2877 330 2943 ipsi
358 2894 584 2946 quoque
609 2878 747 2938 sitis
777 2878 843 2929 in
873 2896 1131 2949 corpore,
1165 2881 1324 2932 varie
1344 2890 1661 2949 exponunt.
1736 2871 1992 2949 Quidam
2012 2877 2367 2949 generaliter
2392 2876 2508 2960 hoc

211 2945 427 2998 modo}
483 2947 597 3005 Vos
628 2963 860 3017 quoque
886 2947 1102 3003 iisdem
1128 2951 1262 3003 estis
1288 2951 1460 3003 malis
1492 2948 1760 3018 obnoxii,
1806 2958 1881 3014 ut„
1897 2947 2018 3002 fert
2040 2948 2371 3001 communis
2392 2944 2535 3000 hu-‘

210 3031 426 3067 manae
450 3024 696 3069 naturae
724 3017 1010 3079 conditio.
1078 3019 1189 3073 Alii
1219 3030 1420 3075 autem
1450 3023 1536 3073 sic
1556 3018 1950 3089 restringunt:
1985 3020 2068 3082 Ac
2094 3018 2143 3071 si
2164 3016 2234 3072 in
2259 3034 2508 3092 corptore

207 3101 419 3138 eorum
457 3087 671 3141 essetis.
746 3087 903 3141 Mihi
937 3098 1213 3144 neutrum
1249 3090 1478 3160 placet;
1527 3092 1734 3154 refero
1755 3088 1913 3143 enim
1942 3087 2019 3156 ad
2048 3088 2349 3143 Ecclesiae
2376 3104 2507 3144 cor-

202 3171 317 3224 pus
336 3193 353 3223 ,
403 3164 469 3210 ut
501 3156 583 3209 sit
617 3174 850 3228 sensus:
921 3160 1408 3281 Quandoquidem
1445 3162 1585 3217 estis
1624 3159 1883 3214 eiusdem
1921 3160 2183 3229 corporis
2221 3158 2506 3224 membra,

206 3227 604 3280 communiter
626 3244 727 3280 vos
758 3228 915 3282 affici
943 3233 948 3244 '
986 3239 1114 3283 ecet
1139 3233 1287 3287 alios
1317 3232 1570 3285 aliorum
1594 3230 1800 3298 malis,
1850 3248 1923 3284 ne
1949 3229 2089 3302 quid
2116 3231 2277 3284 inter
2307 3241 2406 3283 vos
2429 3229 2509 3282 sit

209 3314 278 3352 se
318 3306 573 3352 aratum.
985 3339 990 3346 .
1117 3317 1124 3334 =
1555 3325 1557 3337 ι

280 3314 317 3367 p
344 3362 401 3419 4.
467 3367 833 3422 Honor-abile
876 3369 1234 3438 coniugium.
1281 3371 1589 3425 ‘Nonnulli
1628 3369 2091 3423 exhortationem
2131 3385 2254 3420 esse
2297 3343 2509 3436 p¹utant

205 3434 288 3489 ad
315 3435 607 3508 coniuges,
640 3445 708 3490 ut
727 3437 939 3507 pudice
970 3447 1050 3506 et,
1096 3456 1211 3509 qua
1233 3439 1422 3505 decet,
1460 3441 1763 3496 honestate
1793 3438 2236 3500 matrimonium
2262 3437 2420 3490 inter
2445 3454 2507 3491 se

206 3506 441 3574 colant,
492 3516 563 3562 ut
601 3507 689 3564 vir
727 3525 1072 3570 cumbuxore
1101 3519 1506 3577 temperanter
1530 3522 1591 3565 et
1617 3508 2067 3575 caste-habitet,
2115 3525 2225 3561 nec
2264 3508 2503 3562 thorum

208 3574 546 3630 maritalem
578 3577 838 3647 indignis
861 3579 1113 3632 lasciviis
1140 3581 1471 3648 profanent.
1540 3585 1631 3634 Ita
1670 3579 2134 3634 subaudiendum
2171 3590 2323 3632 esset
2358 3577 2504 3631 hor·
2556 3581 2559 3588 '

207 3635 376 3717 tandi
405 3648 680 3702 verbum:
708 3650 797 3707 Sit
817 3652 1160 3720 coniugium
1188 3651 1552 3720 honorabile,
1581 3650 2298 3723 quanquam-indicativus
2322 3648 2505 3717 etiam

207 3717 417 3771 modus
442 3735 561 3771 non
591 3719 746 3774 male
771 3729 1156 3789 congrueret3
1194 3722 1332 3775 dum
1355 3723 1512 3776 enim
1545 3722 1812 3774 audimus
1838 3720 2184 3774 honorabile
2215 3737 2338 3773 esse
2365 3736 2507 3776 con-

208 3788 435 3857 iugium
455 3826 472 3850 ,
506 3789 765 3843 simul'in
791 3801 1049 3856 mentem
1074 3793 1276 3846 venire
1301 3793 1504 3859 debet,
1543 3791 1868 3845 honorifice
1895 3800 1956 3843 et
1979 3799 2315 3844 reverenter
2342 3788 2403 3842 in
2435 3807 2504 3843 ao

67 3845 68 3848 ¹
127 3891 138 3894 -
212 3858 556 3912 versandum
580 3874 727 3914 esse.
793 3859 910 3914 Alii
932 3876 1036 3929 per
1064 3864 1502 3917 concessionem
1534 3864 1754 3916 dictum
1780 3861 2114 3931 accipiunt,
2151 3860 2266 3914 hoc
2292 3859 2500 3914 modoz

148 3991 151 3995 Α
216 3929 494 3997 Quamvis
518 3928 864 3984 honorabile
887 3932 964 3984 sit
990 3934 1350 4001 coniugium,
1384 3951 1507 3987 non
1528 3935 1726 3988 tamen
1747 3932 2000 3986 scortari
2021 3931 2111 3988 fas
2138 3941 2243 3987 est.
2316 3933 2505 4003 Quem

216 4001 445 4052 sensum
468 4000 667 4054 vident
689 4015 890 4058 omnes
912 4001 1196 4072 frigidum
1220 4012 1367 4059 esse.
1434 4006 1560 4075 Ego
1592 4020 1729 4057 vero
1756 4004 1951 4073 potius
1973 4003 2179 4056 sentio
2193 4041 2212 4070 ‚
2261 4005 2505 4072 Aposto'-

213 4067 358 4141 lum&
378 4070 477 4125 hic
518 4069 855 4139 coniugium
888 4076 1273 4142 scortationi,
1328 4083 1612 4145 tanquam
1656 4073 1982 4127 remedium
2020 4072 2228 4126 morbo
2244 4111 2262 4138 ,
2326 4087 2503 4140 oppo-

216 4154 352 4191 nere
367 4179 384 4205 ‚
452 4150 513 4193 et
563 4151 868 4195 contextus
919 4143 1079 4199 clare
1132 4144 1390 4200 ostendit
1425 4144 1584 4198 hanc
1619 4145 1799 4198 fuisse
1837 4144 1962 4197 eius
1998 4154 2278 4198 meamus.
2350 4144 2506 4195 Nam
2570 4161 2577 4168 ·

218 4209 551 4280 prinsquam
587 4209 909 4265 Dominum
954 4216 1210 4270 minetur
1261 4232 1487 4284 poenas·
1531 4217 1604 4270 de
1655 4214 2078 4269 scortatoribus
2116 4222 2503 4282 sumpturum,

188 4316 195 4322 -
256 4281 551 4347 raefatur,
606 4298 759 4352 quae
795 4284 872 4335 sit
897 4302 1032 4337 vera
1065 4285 1431 4358 effugiendae
1451 4287 1620 4339 huius
1643 4285 1938 4342 vindictae
1961 4284 2151 4350 ratio,
2201 4299 2412 4352 nempe
2457 4282 2509 4334 ni-

187 4298 461 4406 ‘honeste
490 4352 556 4405 in
588 4352 868 4436 coniugio
905 4355 1185 4412 vivamus.
1255 4356 1341 4410 sit
1366 4373 1506 4429 ergo
1529 4373 1709 4411 unum
1732 4356 1847 4412 hoc
1873 4355 2201 4409 membrum
2219 4392 2236 4422 ,
2286 4359 2506 4428 scorta-

221 4422 406 4477 n'ones
446 4435 568 4475 non
597 4419 735 4476 fore
772 4426 1123 4495 impunitas,
1169 4427 1818 4497 qiua-Dsnmhabeant
1848 4426 2162 4482 vindicem.
2230 4424 2308 4477 Et
2346 4427 2507 4475 certe

1024 4591 1028 4595 >
1043 4573 1068 4586 ν

2538 4633 2601 4676 ,f
