2820 4895
2322 288 2456 390 339
2492 324 2497 329 κ

1658 400 1679 429 l

347 540 510 675 ’,ιΝ
569 590 1195 691 Epls‘roLAM
1257 591 1585 660 PAULI
1642 591 1777 669 AD
1836 570 2193 661 ‘ri'TUM‘

965 722 1626 825 ARGUMENTQM.
1674 802 1684 815 Α
1732 718 1737 721 ¹

142 862 391 995 Quum
417 936 481 988 in
510 936 687 988 Creta
717 930 1023 990 Ecclesiae
1052 935 1338 990 duntaxat
1363 936 1752 990 fundamenta
1779 935 2020 990 iecisset
2043 937 2276 1003 Paulus,
2314 936 2437 992 alio

137 1019 470 1073 properans
514 1009 608 1073 (ut
650 1015 779 1058 erat
815 1022 940 1058 non
974 1005 1149 1058 unius
1187 1017 1422 1077 tanturn
1458 1004 1697 1059 insulae·
1721 1006 1960 1073 Pastor,
2012 1008 2118 1060 sed
2151 1007 2437 1062 Gentium

136 1075 486 1142 Apostolus)
531 1074 678 1127 Tito
708 1075 1098 1144 prosequendi
1144 1073 1355 1142 operis·
1393 1084 1627 1143 partes,
1673 1066 1957 1144 tanquam
2002 1074 2438 1145 Evangelistae,

134 1143 542 1196 mandaverat.
628 1144 889 1210 Apparet
913 1152 1112 1207 autem
1149 1161 1218 1196 ex
1244 1145 1355 1196 hac
1385 1144 1670 1212 epistola,
1719 1143 1922 1195 statim
1953 1153 2088 1212 post
2114 1146 2437 1200 discessum

135 1209 305 1263 Pauli
335 1213 615 1264 Satanam
652 1211 997 1263 incubuisse
1034 1208 1158 1273 non,
1194 1223 1465 1295 tantum,
1511 1222 1576 1265 ut
1603 1222 1980 1281 perverteret
2010 1213 2316 1268 Ecclesiae
2342 1220 2436 1267 re·
2514 1218 2525 1225 ”

84 1276 89 1281 ’
135 1279 382 1346 gimen‚'
418 1280 516 1332 sed
548 1289 613 1332 ut
640 1281 974 1332 doctrinam
1010 1298 1244 1350 quoque
1272 1293 1710 1350 corrumperet.
1782 1281 2003 1349 Erant,
2043 1280 2147 1362 qui
2175 1298 2285 1350 per
2311 1299 2438 1335 am-

67 2356 76 2385 J

133 1348 428 1400 bitionem
466 1365 775 1417 emergere
811 1359 1100 1418 cuperent
1138 1351 1201 1400 in
1243 1351 1552 1402 Pastorum
1593 1349 1898 1414 ordinem3
1953 1360 2149 1419 pravis
2188 1351 2461 1409 illorum*

136 1416 352 1469 studiis
381 1417 528 1487 quia
557 1434 680 1469 non
714 1418 1160 1486 obsequebatur·
1181 1419 1372 1484 Titus,
1412 1418 1757 1497 male-apud
1779 1419 2102 1489 plerosque
2133 1419 2432 1475 audiebat.
2464 1422 2468 1441 '

38 1501 51 1511 ·
134 1484 326 1537 Erant
363 1492 606 1538 rursum
649 1503 720 1537 ex
746 1487 1017 1553 Iudaeis,
1068 1486 1168 1554 qui
1197 1489 1374 1556 Legis
1401 1488 1709 1539 Mosaicae
1736 1498 2048 1554 praetextu
2076 1488 2293 1540 multas
2322 1506 2436 1542 nu-

107 1552 112 1559 “
137 1569 239 1618 gas
278 1555 669 1624 ingerebant3
718 1557 869 1606 tales
898 1572 1036 1607 vero
1073 1554 1286 1623 cupide
1316 1565 1375 1608 et
1400 1556 1588 1607 multo
1620 1573 1755 1607 cum
1786 1556 1995 1608 favore
2021 1557 2435 1611 audiebantur.

137 1623 266 1674 Hoc
302 1623 511 1692 itaque
545 1623 804 1676 consilio
835 1620 1053 1675 ‘scribit
1081 1624 1330 1691 Paulus,
1378 1633 1447 1677 ut
1474 1622 1680 1676 Titum
1707 1640 1811 1676 sua
1843 1626 2207 1678 auctoritate
2238 1636 2435 1679 armet

138 1691 209 1742 ad
235 1702 476 1743 tantum
505 1708 648 1744 onus
673 1691 1100 1745 sustinendum.
1184 1695 1392 1762 Neque
1416 1693 1577 1745 enim
1605 1693 1848 1747 dubium
1877 1702 1999 1761 est,
2050 1694 2193 1763 quin
2221 1711 2434 1747 secure

137 1770 169 1811 a
205 1756 971 1830 quibusdamkcontemptus
1007 1760 1229 1827 fuerit,
1285 1761 1455 1831 quasi
1498 1779 1650 1815 unus
1693 1762 1951 1831 quilibet
1990 1778 2060 1815 ex
2099 1762 2283 1832 vulgo
2323 1766 2435 1818 Pa-

136 1838 382 1881 storum.
447 1829 607 1893 Fieri
640 1831 822 1882 etiam
853 1837 1076 1899 potest,
1113 1840 1182 1882 ut
1207 1831 1279 1881 de
1310 1847 1380 1882 eo
1408 1829 1735 1883 volitarent
1761 1830 2189 1901 querimoniae,
2231 1833 2453 1902 ipsum'

135 1898 266 1966 plus
292 1898 407 1950 sibi
433 1914 720 1966 arrogare
738 1937 754 1964 ,
807 1908 986 1968 quam
1013 1896 1105 1951 fas
1137 1909 1318 1966 esset,
1358 1899 1516 1969 quod
1542 1900 1812 1957 Pastores
1841 1915 1964 1951 non
1990 1902 2292 1968 reciperet
2313 1902 2431 1954 nisi

138 1983 240 2018 suo
269 1965 503 2018 iudicio
533 1968 837 2036 probatos.
925 1968 1079 2020 Hinc
1106 1966 1402 2036 colligere
1425 1966 1607 2033 licet,
1659 1968 1908 2020 Paulum
1936 1985 2055 2020 non
2080 1980 2205 2023 tam
2228 1970 2431 2039 priva·

136 2034 241 2085 tim
270 2034 579 2104 scripsisse
608 2036 780 2101 Tito,
813 2053 995 2105 ‘quarn
1024 2037 1262 2104 publice
1292 2037 1696 2088 Cretensibus.
1768 2038 1976 2106 Neque
2017 2037 2176 2091 enim
2211 2039 2431 2108 proba-

135 2103 254 2154 bile
280 2112 402 2169 est‚
444 2105 644 2156 Titum
672 2106 1030 2174 reprehendi
1051 2142 1067 2169 ‚
1122 2104 1283 2173 quod
1309 2106 1495 2156 nimia
1521 2104 1815 2157 facilitate
1843 2105 2119 2175 indignos
2145 2108 2431 2160 eveheret

140 2171 209 2221 ad
240 2173 657 2241 episcopatum
677 2203 717 2240 ‚<
747 2172 840 2225 vel
868 2173 988 2240 illi,
1033 2184 1313 2242 tanquam
1345 2173 1479 2225 rudi
1504 2182 1565 2226 et
1586 2174 1854 2238 novitio,
1901 2174 2254 2241 praescribi,
2348 2191 2425 2229 uo

107 2288 114 2301 ,
139 2240 450 2293 doctrinae
480 2257 697 2309 genere
723 2240 1042 2294 instituere
1068 2242 1354 2310 populum
1378 2242 1628 2317 debeat3
1679 2243 1778 2294 sed
1803 2242 1943 2311 quia
1974 2242 2162 2297 iustus
2191 2243 2288 2298 illi
2364 2263 2428 2297 ο-
2514 2278 2533 2287 ι

140 2325 248 2360 nor
270 2327 391 2361 non
418 2310 786 2376 habebatur,
833 2311 1239 2367 Paulussuam
1269 2310 1327 2360 ei
1354 2327 1672 2379 personam
1699 2310 1954 2379 imponit
1979 2321 2102 2364 tam
2131 2312 2195 2363 in
2224 2329 2429 2365 crean-

63 2386 67 2395 ’
139 2377 221 2428 dis
248 2379 590 2449 Ministris,
640 2396 815 2449 quam
856 2378 919 2430 in
956 2387 1085 2431 tota
1113 2379 1415 2430 Ecclesiae
1451 2379 1993 2435 administratione.
2066 2381 2222 2451 Quia
2250 2382 2457 2436 multi*

140 2447 311 2500 stulte
356 2450 574 2513 aliam,
625 2463 801 2518 quam
837 2449 1133 2512 traderet,
1186 2447 1495 2500 doctrinae
1530 2450 1786 2503 formam
1823 2451 2182 2519 appetebant
2199 2461 2229 2503 ε·
2271 2452 2427 2503 hanc

137 2516 351 2570 Paulus
398 2516 536 2571 aliis
578 2519 901 2584 repudiatis
935 2518 1123 2569 solam
1166 2518 1480 2586 approbat,
1528 2534 1617 2570 ac·
1639 2534 1924 2587 pergere,
1982 2518 2158 2572 sicuti
2202 2521 2428 2589 coepit,

139 2583 432 2639 hortatur.
517 2587 785 2640 Primum
826 2602 967 2657 ergo
1009 2588 1219 2650 docet,
1269 2586 1474 2655 quales
1510 2587 1733 2657 eligere
1767 2586 2085 2640 Ministros
2126 2596 2424 2669 oporteat.

65 2646 76 2658 ⁴
138 2654 300 2705 Inter
324 2656 477 2707 alias
498 2654 665 2707 dotes
699 2656 989 2709 vultsana
1019 2655 1296 2707 doctrina
1323 2656 1684 2708 instructum
1710 2671 1836 2708 esse
1853 2695 1868 2724 ,
1918 2672 2034 2728 qua
2056 2666 2299 2712 resistat
2323 2659 2428 2710 ad·

143 2726 435 2777 versariis.
508 2724 635 2776 Hac
660 2722 973 2776 occasione
997 2722 1358 2792 perstringit
1370 2725 1745 2777 Cretensium
1771 2731 1998 2790 mores,
2036 2726 2433 2795 peculiariter

139 2797 331 2843 tamen
380 2792 633 2848 Iudaeos
670 2801 874 2857 notat,
937 2793 1136 2860 quiin
1178 2792 1446 2845 ciborum
1482 2792 1829 2858 discrimine
1871 2792 2126 2862 aliisque
2169 2796 2428 2847 externis

140 2860 523 2916 sanctitatem
569 2862 866 2914 locabant.
963 2860 1335 2914 Refellendis
1378 2877 1602 2925 eorum¹
1629 2862 1876 2929 ineptiis
1914 2877 2056 2914 vera
2092 2862 2323 2931 pietatis
2364 2875 2437 2917 et‘

141 2926 515 2984 Christianae
557 2931 721 2982 vitae
760 2929 1051 2981 exercitia
1088 2930 1365 2998 opponit.
1446 2931 1526 2982 Et
1556 2948 1672 3000 quo
1742 2930 1948 3000 ropius
1975 2947 2050 2983 ur
2092 2941 2222 2998 eat,
2273 2949 2425 3003 quae

140 2994 387 3063 singulis
417 2999 830 3053 vocationibus
857 2998 1472 3066 conveniant-officia,
1510 2999 1699 3052 deseri
1745 2999 1814 3050 it.
1884 2998 1994 3050 His
2074 3001 2227 3053 itum
2256 3001 2426 3054 iubet

139 3065 337 3118 sedulo
362 3078 426 3120 et
451 3069 681 3121 assidue
708 3067 1023 3132 insistere,
1079 3067 1374 3135 simulque
1401 3085 1639 3120 rursum
1668 3068 1814 3120 alios
1848 3067 2163 3133 admonet,
2213 3087 2290 3121 ne
2324 3087 2425 3122 au·

137 3130 343 3202 diendo
382 3136 751 3207 fatigentur,
803 3146 982 3205 atque
1014 3137 1171 3187 hunc
1202 3137 1628 3207 redemptionis
1663 3148 1722 3189 et
1747 3137 1951 3190 salutis
1980 3154 2089 3206 per
2119 3138 2433 3191 Christum’

137 3212 343 3266 partae
378 3204 567 3258 finem
609 3223 735 3259 esse
781 3207 975 3258 docet.
1057 3205 1230 3273 Quod
1262 3205 1312 3255 si
1348 3205 1483 3274 quis
1515 3205 2275 3276 contentiosusreclamet,
2330 3209 2426 3258 vel

142 3269 560 3340 obtemperare
586 3280 835 3339 renuat,
871 3274 1044 3327 illum
1071 3274 1242 3324 iubet
1270 3274 1486 3327 omitti.
1569 3278 1740 3327 Nunc
1765 3273 2023 3328 videmus
2041 3312 2057 3340 ,
2109 3292 2231 3327 non
2260 3274 2424 3328 aliud

139 3343 709 3410 spectarePaulum,
745 3360 919 3414 quam
948 3350 1015 3394 ut
1029 3343 1430 3402 Titicaus'am
1458 3345 1758 3411 suscipiat,
1792 3344 2004 3414 illique
2033 3344 2103 3395 ad
2136 3359 2422 3415 peragen-

138 3403 272 3460 dum
302 3410 549 3464 Domini
577 3411 732 3484 opumu
754 3411 1109 3465 adiutricem
1136 3410 1412 3480 perfigat
1435 3428 1699 3467 manum.

681 3487 690 3510 τ
1259 3481 1286 3516 ’τ

681 3555 712 3596 3*

1723 3619 1839 3704 δι’,

1582 4511 1727 4574 22*
