2820 4895
637 286 642 291 ,
715 255 854 323 An
914 241 1491 341 HE‘BRAEOS
1536 257 1840 351 max,
1916 308 1931 313 ἢ
2302 263 2423 359 4s1

153 443 329 487 ramus
348 425 653 497 ignauiae,
737 425 865 487 nasi
891 425 1161 485 defuncti
1190 424 1314 480 iam
1345 442 1612 481 essemus
1633 445 1651 493 3
1670 429 1793 487 ,sed
1816 438 1892 487 *ut
1919 428 1992 501 ad
2023 445 2277 499 cursum,
2314 431 2418 502 qui
2456 474 2459 479 .

148 499 300 568 nobis
331 502 543 563 restat,
595 515 699 566 per
750 495 1020 549 ciendum
1061 495 1377 549 reddamur
1415 497 1762 565 paratiores.
1800 550 1808 559 ,
1852 494 2060 567 Neque
2099 497 2261 553 enim
2298 494 2414 555 baa

150 565 468 620 conditione
496 584 605 619 nos
632 566 909 618 Christus
937 564 1178 631 ascivit,
1218 575 1284 617 ut
1307 575 1443 634 post
1468 565 1907 637 aliquot.annos
1927 604 1944 634 ,
1980 576 2274 636 ‘tanquam
2304 570 2417 623 mi-
2506 580 2509 583 ·

146 636 277 689 lites
309 635 573 700 emeriti,
622 645 887 702 petamus
919 633 1303 697 missionem;
1355 634 1458 685 sed
1488 646 1553 687 ut
1576 644 1777 687 nostra
1812 636 2101 703 stipendia
2131 636 2203 689 ad
2230 635 2415 703 finem
2484 640 2505 650 ²

148 721 316 773 usque
347 719 789 772 persequamur.
835 703 1051 769 ‘Porro
1098 702 1588 757 exhortationem
1625 702 1984 772 amplificat,
2036 721 2219 775 quum
2246 707 2416 775 dicit,

146 774 366 841 egregia
405 764 831 841 str'atagemata
868 771 990 825 iam
1029 782 1173 824 tunc
1216 771 1467 824 edidisse
1505 770 1699 841 ipsos,
1752 791 1870 842 quo
1908 778 2178 843 tempore
2212 775 2415 835 adhuc

145 840 339 894 novitii
365 850 536 891 erant
564 853 831 908 tyrones:
870 857 988 909 quo
1020 840 1202 908 magis
1230 840 1569 909 pudendum
1596 849 1779 907 esset,
1808 840 1876 895 ‘si
1906 859 2064 895 nunc
2090 838 2274 916 longo
2303 840 2433 900 usu'

147 911 428 968 exercitati
454 909 756 979 deficiant.
828 908 980 961 Nam
1009 908 1389 979 participium
1422 909 1760 962 Illuminati
1786 910 1859 971 ad
1886 918 2120 980 tempus
2144 911 2289 971 illud
2318 916 2415 966 ra-

141 980 459 1046 stringitur,
510 984 626 1047 qu'o
673 976 933 1046 primum
973 986 1296 1046 coeperant
1321 977 1567 1030 Christo
1605 980 2037 1045 nomen-dare,
2078 980 2226 1033 acsi
2253 979 2415 1036 dice·
2460 1030 2463 1041 ,

141 1059 262 1102 reti
305 1046 662 1115 Simulatque
705 1046 937 1098 initiati
975 1045 1178 1099 fuistis
1223 1047 1287 1098 in
1325 1046 1795 1113 fidemsshristi,
1841 1046 2106 1102 subiistis
2133 1051 2412 1105 durafar-

140 1114 368 1185 duaque
393 1115 759 1169 certamina:
812 1132 972 1169 nunc
1009 1132 1150 1169 usus
1186 1114 1320 1185 ipse
1359 1116 1719 1169 confirmare
1757 1125 1860 1171 vo's
1898 1118 2141 1184 debuit,
2190 1127 2259 1171 ut
2285 1120 2412 1174 sitis

139 1186 529 1241 animosiores.
603 1186 676 1236 Et
703 1195 897 1238 tamen
923 1184 1098 1238 simul
1130 1184 1440 1252 admonet,
1477 1185 1587 1237 hoc
1620 1185 1734 1238 Dei
1759 1176 2050 1238 beneficio
2082 1203 2413 1258 consequu-

138 1263 262 1319 tos,
306 1264 367 1304 ut
406 1252 769 1309 crediderint
806 1269 924 1306 non
967 1254 1207 1323 proprio
1235 1255 1454 1310 Marte.
1524 1253 1955 1307 Illuminantur
1980 1257 2171 1320 enim,
2209 1256 2313 1325 qui
2346 1264 2409 1327 9¹²

138 1335 267 1377 ante
294 1323 351 1374 in
377 1321 640 1374 tenebris
671 1331 839 1375 erant
865 1322 1154 1385 demersi3
1208 1340 1318 1374 nec
1350 1321 1542 1376 oculis
1570 1322 1822 1391 praediti
1849 1330 2020 1392 sunt,
2075 1323 2294 1393 quibus
2319 1324 2413 1379 vi·

142 1393 339 1459 deant,
374 1390 485 1442 nisi
511 1391 611 1446 lux
638 1391 878 1444 aliunde
902 1392 1207 1459 affulgeat.
1280 1393 1438 1461 Ergo
1468 1392 1704 1461 ‘quoties
1736 1391 1910 1444 nobis
1932 1391 1996 1444 in
2020 1397 2286 1447 mentem
2312 1412 2413 1459 ver

141 1461 331 1525 ninnt,
381 1477 532 1530 quae
571 1461 828 1528 egimus,
882 1461 973 1512 vel
1001 1477 1200 1513 sumus
1227 1463 1384 1529 passi
1418 1478 1523 1529 pro
1551 1461 1818 1521 Christo,
1869 1462 2124 1527 totidem
2153 1461 2277 1514 sint
2307 1479 2414 1517 no·

139 1530 230 1583 his
251 1530 500 1594 stimuli,
538 1532 641 1598 qui
673 1546 783 1582 nos
813 1529 884 1581 ad
914 1531 1230 1583 meliorem
1261 1529 1605 1598 proiectum
1633 1538 1870 1581 acuant.
2224 1584 2233 1594 ⁸

269 1596 344 1651 33.
427 1599 653 1650 Partim
675 1599 828 1649 *dum
862 1601 1108 1664 probris.
1175 1596 1541 1669 'Videmuss
1572 1590 1731 1667 'quos
1769 1597 2125 1668 compellet,
2188 1617 2412 1669 nempe

136 1683 376 1736 quorum
400 1664 545 1718 fides
569 1680 688 1721 non
720 1666 1063 1736 vulgaribus
1094 1666 1519 1734 experimentis
1549 1667 1803 1737 probata
1830 1669 2058 1733 fuerat3
2113 1677 2175 1721 et
2209 1680 2413 1727 tamen

130 1737 352 1790 hortari
397 1752 496 1789 eos
538 1738 607 1787 ad
648 1736 874 1788 maiora
915 1753 1034 1787 non
1076 1735 1311 1789 desinit.
1385 1737 1583 1805 Quare
1610 1752 1783 1788 nemo
1815 1753 1879 1788 se
1906 1753 2178 1805 perversa
2211 1739 2415 1790 adula-

127 1806 286 1858 tione
311 1804 506 1869 fallat,
559 1822 632 1857 ac
658 1805 705 1856 si
730 1814 948 1856 metam
974 1806 1261 1872 attigisset
1278 1841 1295 1870 ,
1344 1808 1442 1857 vel
1469 1822 1589 1857 non
1619 1814 1763 1874 opus
1789 1806 2037 1859 haberet
2061 1804 2269 1859 alienis
2298 1806 2414 1863 sti-

126 1873 352 1927 mulis.⁴
390 1874 552 1925 Dicit
584 1884 783 1926 autem
823 1873 985 1942 ipsos
1008 1874 1209 1940 suis-se
1248 1876 1548 1925 traductos
1583 1874 1815 1941 probris
1853 1889 1908 1927 et
1948 1873 2443 1943 afflictionibus,

127 1959 203 1996 nc
240 1941 288 1993 si
328 1941 386 1992 in
429 1942 729 1995 theatrum
768 1941 1042 2011 producti
1079 1950 1297 1994 essent:
1356 1942 1512 1995 unde
1554 1941 1898 2009 colligimus
1938 1943 2198 2014 insignes
2227 1945 2412 1997 fuisse

121 2010 645 2082 persequutiones,
699 2027 843 2082 quas
882 2013 1313 2063 sustinuerant.
1406 2011 1520 2064 Sed
1559 2010 1859 2079 posterius
1898 2015 2233 2065 membrum
2276 2013 2416 2066 dili-

119 2091 336 2151 genter
364 2081 682 2132 notandum
711 2090 837 2145 est,
889 2080 991 2132 ubi
1020 2079 1165 2132 dicit
1197 2078 1391 2132 socios
1422 2076 1611 2133 fuisse
1641 2081 1874 2149 piorum
1905 2080 1969 2131 in
1998 2083 2414 2161 persequutio-

119 2149 321 2202 nibus.
389 2150 539 2202 Nam
567 2165 750 2217 quum
782 2148 1011 2201 Christi
1036 2148 1112 2200 sit
1138 2165 1345 2214 causa,
1389 2166 1500 2218 pro
1531 2165 1647 2218 qua
1675 2157 1910 2200 certant
1937 2149 2026 2218 pii
2058 2167 2297 2217 omnes,
2350 2160 2413 2215 et
2472 2186 2477 2191 -

119 2219 290 2271 inter
317 2233 409 2268 eos
435 2219 511 2269 sit
538 2217 903 2271 communisz
947 2218 1225 2287 quicquid
1249 2234 1397 2270 unus
1426 2233 1631 2270 eorum
1662 2217 1907 2286 patitur,
1946 2218 2115 2288 quasi
2149 2218 2209 2269 in
2239 2237 2410 2273 suam

116 2303 431 2357 personam
470 2289 797 2339 transferre
835 2286 1053 2339 debent
1087 2286 1303 2356 reliqui
1341 2304 1580 2354 omnes,
1636 2296 1813 2354 atque
1844 2285 2088 2340 omnino
2117 2289 2198 2341 sic
2225 2303 2414 2357 agen-

118 2356 263 2409 dum
292 2362 409 2423 est,
447 2353 564 2406 nisi
595 2356 845 2417 velimus
869 2371 973 2406 nos
1002 2372 1034 2407 a
1062 2355 1303 2408 Christo
1335 2354 1470 2425 ipso
1502 2355 1867 2423 disiungere.

260 2423 345 2477 34.
420 2422 773 2490 Sus-cepistis
804 2442 929 2478 cum
958 2426 1196 2490 gaudio.
1280 2425 1417 2478 Non
1452 2423 1697 2478 dubium
1732 2433 1849 2492 est,
1894 2420 2072 2495 q'uin,
2111 2431 2179 2479 ut
2213 2423 2415 2479 homi-

115 2510 227 2546 nes
262 2500 426 2546 erant
459 2492 768 2554 affectibus
808 2494 1092 2560 obnoxii,
1140 2502 1481 2562 moerorem
1503 2492 1620 2545 illis
1648 2494 1926 2547 attulerit
1951 2495 2242 2547 bonorum
2274 2511 2413 2547 suo-

113 2580 253 2617 rum
284 2562 536 2615 iactura.
609 2565 830 2617 Verum
859 2563 993 2615 talis
1025 2563 1143 2616 fuit
1174 2581 1380 2617 eorum
1413 2563 1713 2628 tristitia,
1755 2581 1906 2630 qnae
1945 2562 2234 2633 gaudium
2275 2563 2415 2632 hoc,

115 2631 193 2683 de
222 2648 341 2702 quo
369 2632 628 2702 loquitur
655 2632 974 2700 Apostolus
993 2669 1011 2698 ,
1045 2641 1175 2684 ‘non
1207 2632 1560 2703 impediret,
1612 2631 1748 2701 quia
1777 2642 2092 2701 paupertas
2123 2632 2414 2685 inter'res

109 2702 394 2754 adversas
436 2709 747 2767 censetur,
798 2701 1096 2754 bonorum
1133 2701 1388 2770 direptio
1433 2702 1497 2753 in
1539 2718 1602 2753 se
1641 2701 2015 2754 considerata
2056 2701 2264 2753 dolore
2309 2719 2412 2754 eos

103 2770 432 2836 tangebat3
485 2768 587 2820 sed
626 2786 807 2838 quum
848 2769 1025 2821 altius
1064 2771 1474 2839 respicerent,
1530 2770 1733 2839 gaudii
1761 2771 2076 2822 materiam
2111 2769 2416 2839 concipie-

106 2840 299 2906 bant,
355 2855 471 2907 quo
501 2838 684 2903 illud,
732 2838 1021 2909 quicquid
1048 2848 1176 2890 erat
1205 2840 1468 2905 doloris,
1521 2838 1873 2896 leniebatur.
1952 2839 2046 2893 Sic
2079 2841 2240 2891 enim
2276 2857 2411 2891 sen·
2478 2851 2501 2870 N

107 2924 218 2960 sus
254 2917 493 2959 nostros
532 2906 809 2960 coelestis
850 2908 1353 2961 remunerationis
1399 2908 1687 2976 adspectu
1719 2925 1751 2960 a
1779 2907 1994 2960 mundo
2025 2907 2242 2961 abduci
2269 2925 2416 2961 con-

104 2975 302 3032 venit.
374 2975 585 3044 Neque
631 2975 792 3028 aliud
830 2975 999 3043 dico,
1042 2992 1218 3045 quam
1260 2977 1417 3046 quod
1458 2976 1861 3046 experiuntur
1899 2975 1986 3046 pii
2027 2992 2251 3030 omnes.
2336 2977 2416 3042 Et

104 3055 281 3110 certe
311 3043 458 3095 laeti
491 3044 940 3112 amplectimur,
976 3045 1132 3114 quod
1159 3045 1426 3114 persuasi
1458 3062 1659 3105 sumus
1694 3062 1996 3097 cessurum
2022 3044 2195 3099 nobis
2226 3045 2290 3098 in
2319 3063 2417 3099 sa-

90 3113 336 3176 lutem3
386 3112 544 3166 hunc
583 3123 781 3166 autem
821 3113 1032 3182 procul
1074 3114 1250 3174 dubio
1293 3131 1534 3168 sensum
1568 3114 1789 3166 habent
1820 3112 1939 3178 filii
1967 3114 2082 3166 Dei
2115 3113 2187 3167 de
2218 3122 2416 3167 certa-

90 3181 417 3256 minibus,
478 3195 627 3252 quae
667 3198 774 3252 pro
817 3182 1043 3234 Christi
1080 3183 1275 3253 gloria
1313 3181 1666 3252 suscipiunt.
1765 3184 1976 3252 Itaque
2013 3199 2312 3252 nunquam
2347 3181 2414 3234 in

86 3249 236 3304 illis
277 3250 489 3302 dolore
536 3250 856 3303 obruendis
893 3251 977 3303 ita
1016 3251 1320 3320 praevalet
1358 3253 1551 3304 carnis
1593 3250 1875 3319 affectus,
1915 3251 2062 3321 quin
2092 3252 2312 3305 erectis
2346 3252 2415 3305 in

86 3319 354 3372 coelum
385 3320 686 3373 mentibus
713 3328 1022 3389 emergant
1045 3320 1107 3372 in
1136 3320 1446 3387 spirituale
1474 3321 1775 3390 gaudium.
1860 3323 2050 3388 Atque
2093 3320 2211 3374 hoc
2255 3320 2417 3386 desi-

83 3397 257 3458 gnat
298 3388 496 3455 ratio,
546 3406 721 3458 quam
757 3388 1038 3454 subiicit,
1088 3388 1380 3453 Scientes,
1423 3389 1623 3459 inquit
1641 3424 1669 3453 „
1716 3407 1820 3440 vos·
1867 3389 2072 3440 habere
2118 3391 2447 3446 meliorem*

78 3459 510 3509 substantiam
540 3461 602 3508 in
633 3459 813 3510 coelis
844 3471 897 3509 et
924 3471 1267 3510 manentem.
1337 3460 1520 3511 *Laeti
1550 3475 1613 3509 er
1660 3474 1691 3508 o
1722 3458 2017 3509 bonorum
2047 3475 2291 3511 suorum
2323 3457 2418 3509 di-

78 3525 458 3592 reptionem
494 3527 870 3592 tolerabant,
914 3543 1052 3578 non.
1074 3525 1232 3596 quod
1267 3526 1530 3579 libenter
1566 3474 1687 3578 ilfis
1726 3525 1974 3595 spoliari
2016 3543 2079 3577 se
2123 3526 2414 3593 viderent,

76 3594 205 3646 sed
237 3595 387 3662 quia
414 3594 620 3650 animis
647 3595 862 3648 intenti
891 3595 955 3647 in
984 3598 1533 3664 compensationem
1559 3594 1736 3648 facile
1765 3602 2121 3664 conceptum
2149 3611 2216 3646 ex
2244 3611 2413 3663 prae·

71 3665 291 3716 sentis
327 3662 477 3716 mali
507 3681 680 3716 sensu
710 3663 977 3717 dolorem
1006 3664 1533 3717 obliviscebantur.
1604 3664 1679 3716 Et
1713 3680 1851 3715 sane
1878 3665 2218 3733 ubicunque
2247 3664 2415 3731 viget

72 3731 475 3784 coelestium
510 3732 804 3785 bonorum
846 3742 1087 3804 gustus,
1131 3750 1251 3786 non
1278 3751 1464 3804 usque
1493 3733 1637 3783 adeo
1669 3733 1822 3801 sapit
1851 3732 2100 3783 mundus
2131 3748 2263 3784 cum
2297 3731 2417 3784 suis
2446 3747 2449 3750 ’

66 3800 461 3865 illecebris,
512 3801 580 3853 ut
616 3802 710 3853 vel
746 3802 1149 3872 paupertatis,
1190 3803 1283 3854 vel
1310 3801 1684 3871 ignominiae
1714 3817 1917 3853 sensus
1944 3799 2150 3852 dolore
2181 3799 2415 3852 animos

69 3871 359 3922 obruat.
450 3871 607 3938 Ergo
636 3869 1011 3939 si‘patienter
1038 3880 1099 3922 et
1128 3871 1333 3940 aequis
1362 3871 1573 3935 animis
1643 3870 1831 3922 uidvis
1862 3887 1966 3934 pro
1997 3869 2237 3922 Christo
2268 3869 2413 3921 veli·
2446 3878 2458 3887 ⁸

66 3952 226 3991 mus
259 3937 473 4008 ferre,
511 3940 583 3991 ad
611 3939 988 4010 frequentem
1007 3940 1142 3994 ,eius
1169 3941 1485 3993 felicitatis
1513 3947 1609 3990 me·
1652 3940 1866 3991 itation
1879 3956 1970 3990 em
1996 3954 2417 4003 assuescamus,

68 4022 245 4077 prae
289 4023 415 4074 qua
459 4008 823 4076 quisquiliae
862 4017 999 4061 sunt
1038 4010 1232 4060 omnia
1272 4010 1477 4070 mundi
1516 4010 1687 4060 bona.
1761 4010 1884 4061 Nec
1909 4006 2414 4074 praetereundum

68 4083 220 4138 est,
280 4075 468 4143 quod'
492 4076 671 4142 dicit,
719 4080 968 4130 scientes
1005 4093 1110 4129 vos
1156 4079 1395 4137 hohern
1454 4078 1566 4129 nisi
1613 4077 1772 4129 enim
1815 4077 1946 4146 quis
1987 4085 2210 4128 statuat
2249 4074 2417 4128 ad‘se

68 4143 464 4214 pertinere,
504 4162 680 4214 quam
708 4147 867 4199 Deus
892 4146 1296 4200 hereditatem
1321 4146 1469 4198 filiis
1497 4144 1622 4199 suis
1649 4146 1963 4215 promisit,
2001 4145 2254 4215 frigebit
2287 4143 2418 4196 uni-

68 4211 362 4267 versalis
399 4214 679 4280 cognitio.

167 4325 176 4333 .
228 4279 339 4334 35.
424 4283 511 4336 Ns
539 4283 844 4336 obiiciatis
876 4279 1100 4348 igitur:
1154 4282 1485 4352 Ostendit„
1509 4281 1652 4352 quid
1682 4300 1790 4335 nos
1822 4282 2080 4336 maxime
2109 4282 2182 4335 ad
2212 4298 2416 4353 perse·

68 4350 454 4403 verentium
483 4351 834 4419 confirmet,
872 4369 1096 4422 nempe
1120 4353 1167 4406 si
1193 4352 1471 4407 fiduciam
1503 4360 1770 4412 nostram
1799 4352 2190 4413 retineamus,
2231 4367 2426 4421 quam.

70 4418 442 4551 :loquidem
481 4436 551 4474 ea
589 4422 827 4479 abiecta
867 4422 990 4493 ipsi
1027 4438 1138 4476 nos
1165 4423 1483 4496 proposita
1526 4421 1800 4476 mercede
1832 4420 2208 4476 fraudamus:
2259 4419 2422 4475 unde

1488 4494 1666 4553 ·31
