2820 4895
207 4547 220 4576 Ι

369 260 501 330 848
924 256 1031 320 ΙΝ
1106 253 1726 322 Ems'POLAE
1794 252 2119 321 PAULI

509 386 621 482 11:
671 418 896 492 Quibui
924 433 1156 491 opertet
1176 423 1444 475 obturare
1472 440 1558 474 os.
1629 421 1794 493 Ergo
1822 421 1889 475 in
1915 422 2181 489 excubiis
2205 439 2334 478 esse
2359 423 2540 478 decet
2564 424 2664 479 bo.

235 506 278 582 ι·
372 512 522 551 num
544 496 884 574 lfastorem,
930 508 1006 545 ne
1046 507 1252 559 pravas
1291 508 1363 542 ac
1394 491 1603 544 noxias
1632 489 1936 570 doctrinas
1964 509 2206 559 serpere
2234 493 2456 573 tacitus
2486 493 2665 572 sinat,

370 582 524 687 2:35
537 561 2530 699 .3:332&xfitfflz’ffffl55:15835323'021?‘2232'2‘332253
2538 577 2668 700 ,3:21

373 702 585 769 Neque
612 697 778 765 enim
812 697 965 748 tales
983 735 1001 763 ,
1040 705 1343 766 utcunque
1370 695 1610 748 ratione
1638 696 1783 748 victi
1808 696 1957 761 sint,
1991 708 2194 755 tamen
2222 703 2667 760 conticescunt;

372 770 499 823 imo
531 783 739 836 saepe,
778 783 894 835 quo
926 763 1188 833 apertius
1216 763 1477 817 convicti
1513 772 1655 816 sunt
1682 783 1750 817 ac
1777 764 1991 830 fracti,
2028 766 2363 820 redduntur
2391 768 2668 835 petulan-

375 839 583 893 tiores.
669 836 1090 903 Praeterquam
1127 833 1285 886 enim
1326 832 1488 902 quod
1524 832 1741 885 crescit
1781 842 1843 884 et
1881 835 2226 887 accenditur
2267 836 2552 901 malitia,
2602 834 2670 887 ad

375 903 812 974 impudentiam
831 920 918 960 ¹se
927 901 1323 971 prostituunt.
1408 902 1799 970 Respondeo‚
1835 902 1936 954 ubi
1965 902 2127 965 verbi
2154 903 2271 957 Dei
2341 900 2500 958 ladio
2537 920 2670 972 pro·

377 972 553 1029 strati
573 1012 592 1040 ,
645 991 716 1025 ac
753 973 808 1022 vi
852 971 1116 1025 veritatis
1154 968 1388 1023 confusi
1427 969 1687 1033 fuerin't,
1726 986 1896 1038 posse
1927 970 2052 1025 illis
2077 973 2151 1023 ab
2182 973 2301 1025 Ecc
2331 972 2455 1025 esia
2479 973 2670 1040 impe-

375 1044 502 1098 rari
526 1040 871 1102 silentium;
927 1034 1094 1119 quod*
1110 1039 1160 1089 si
1190 1048 1443 1107 pergant
1461 1076 1477 1105 ,
1529 1039 1739 1091 saltem
1767 1057 1799 1091 a
1828 1038 2093 1092 fidelium
2121 1041 2559 1095 consuetudine
2584 1057 2670 1093 ar·

379 1110 507 1167 ceri
523 1127 737 1180 posse,
786 1126 861 1160 ne
890 1125 1016 1177 quis
1043 1107 1166 1159 illis
1194 1106 1266 1161 ad
1293 1106 1626 1159 no'cendum
1668 1108 1858 1161 aditus
1894 1118 2159 1188 pateatn-
2192 1125 2537 1179 quanquam
2569 1111 2670 1160 ob·

378 1190 612 1236 struere
655 1195 719 1231 os
760 1177 1119 1245 simpliciter
1165 1176 1389 1244 accipit
1421 1169 1633 1229 Pdulus
1679 1193 1786 1244 pro
1826 1176 2105 1229 refellere
2140 1194 2416 1245 ipsorum
2442 1178 2671 1245 (anilo-

379 1249 716 1324 quentiam,
775 1257 1081 1314 utcunque
1120 1245 1349 1299 nullum
1394 1244 1774 1313 obstrependi
1815 1246 1994 1298 finem
2031 1245 2273 1300 faciant.
2373 1248 2531 1299 Nam
2566 1247 2666 1317 qui

378 1318 566 1371 verbo
604 1317 720 1371 Dei
771 1315 1085 1367 convictus
1133 1316 1253 1380 est,
1279 1313 1598 1387 „quicquid
1636 1314 2032 1383 obloquatur,
2074 1331 2204 1366 non
2244 1315 2459 1380 habet,
2519 1316 2672 1386 quod

344 1386 348 1391 ’
377 1388 559 1441 dicat.
708 1383 886 1436 Totas
914 1384 1113 1434 domos
1138 1384 1491 1435 subvertunt.
1565 1381 1630 1435 Si
1667 1382 1841 1434 unius
1880 1383 2140 1435 hominis
2174 1382 2324 1437 fides
2364 1385 2672 1437 subverte·

377 1467 585 1525 retur,
631 1454 775 1534 guia
812 1450 1014 1519 agitur
1047 1452 1119 1503 de
1156 1452 1340 1503 exitio
1382 1451 1614 1504 animae
1654 1450 1825 1511 unius
1853 1452 2078 1504 Christi
2114 1454 2408 1519 sanguine
2440 1455 2674 1506 redem-

377 1535 555 1596 ptae,
609 1539 747 1574 mox
772 1538 834 1574 se
863 1521 1179 1588 accingere
1205 1520 1456 1572 deberet
1487 1520 1693 1572 Pastor
1722 1519 1795 1572 ad
1820 1522 2207 1575 resistendum
2225 1539 2259 1573 2-
2295 1530 2530 1589 quanto
2562 1522 2674 1574 ita·

378 1610 497 1665 que
527 1593 724 1645 minus
747 1588 1069 1642 tolerabile
1093 1598 1214 1653 est,
1235 1589 1449 1642 videre·
1466 1599 1622 1641 totas
1649 1591 1856 1642 domos
1882 1590 2187 1642 subverti?
2262 1590 2516 1643 Modum
2542 1591 2675 1643 sub·

379 1661 678 1715 versionis
706 1659 1004 1735 designat,
1045 1656 1182 1726 quia
1209 1658 1485 1725 doceant,
1526 1676 1672 1725 quae
1704 1676 1819 1709 non
1849 1672 2090 1725 oportet.
2175 1659 2348 1711 Unde
2375 1658 2672 1727 colligere

375 1731 557 1797 licet,
600 1745 779 1800 quam
821 1726 1159 1796 periculosa
1196 1743 1292 1778 res
1328 1727 1440 1794 sit,
1489 1728 1582 1778 vel
1612 1725 1924 1781 minimum
1951 1743 1986 1779 a
2015 1742 2152 1779 sana
2182 1725 2461 1780 doctrina
2492 1728 2675 1780 defle-

324 1831 331 1839 »
383 1809 569 1854 ctere.
642 1798 848 1866 Neque
876 1792 1036 1847 enim
1066 1795 1258 1861 palam
1287 1794 1473 1864 impia
1504 1796 1684 1861 fuisse
1713 1796 1993 1864 dogmata
2022 1795 2413 1863 pronuntiat,
2456 1797 2672 1866 quibus

379 1868 714 1922 multorum
766 1864 948 1916 fidem
998 1863 1440 1926 subvertet-inu
1502 1864 1603 1917 sed
1645 1865 1873 1933 quasvis
1912 1866 2281 1932 corruptelas
2322 1865 2672 1938 intelligere

379 1952 724 2060 Eossumus,
772 1950 953 2001 quum
977 1948 1011 1985 a
1038 1929 1233 1984 studio
1257 1933 1690 1987 aedificationis
1718 1933 2035 1985 receditur.
2122 1932 2215 1986 Ita
2256 1941 2346 1985 est
2386 1951 2569 1988 sanet
2612 1938 2671 1987 iu

426 2022 495 2058 ac
523 2013 691 2057 tanta
721 2002 920 2054 carnis
942 2000 1295 2053 infirmitate
1323 2002 1456 2071 plus
1481 2019 1656 2072 quam
1682 2002 1947 2070 proclive
1980 2010 2071 2054 est
2093 2001 2249 2055 labit
2289 2002 2451 2054 unde
2477 1993 2580 2069 fi't,
2613 2013 2673 2056 nt

382 2075 507 2130 cito
549 2092 618 2127 ac
655 2070 843 2125 facile
882 2070 1150 2122 destruat
1191 2072 1369 2124 Satan
1410 2088 1519 2139 per
1553 2088 1690 2129 suos
1733 2070 2081 2137 ministros,
2143 2071 2302 2141 quod
2349 2088 2580 2142 magno
2618 2081 2672 2124 et

382 2143 666 2197 diuturno
693 2140 905 2193 labore
930 2139 1017 2221 pii
1043 2140 1336 2193 Doctores
1365 2148 1699 2193 erexerant.
1768 2142 2019 2192 Fontem
2047 2139 2229 2191 etiam
2259 2126 2415 2191 mals
2429 2139 2670 2209 indicat,

385 2213 577 2280 turpis
618 2211 769 2263 lucri
809 2208 1234 2276 cupiditatem,
1284 2225 1402 2278 quo
1446 2209 1757 2277 admonet,
1809 2225 1987 2278 quam
2019 2209 2265 2261 exitiosa
2293 2209 2370 2260 sit
2399 2212 2595 2280 pestis
2613 2210 2671 2261 in

384 2278 759 2335 doctoribus.
849 2277 1033 2329 Simul
1062 2278 1220 2329 enim
1250 2282 1431 2346 atque
1454 2295 1514 2329 se
1544 2277 1616 2328 ad
1643 2288 1956 2347 quaestum
1986 2278 2390 2347 prostituunt,
2438 2295 2673 2332 necesse

384 2359 498 2417 est,
535 2359 695 2402 utaee
721 2353 1081 2414 componant
1112 2347 1182 2398 ad
1207 2348 1515 2399 hominum
1540 2346 1803 2413 ⁴gratiam
1830 2354 1890 2398 et
1918 2347 2277 2418 obsequium.
2349 2347 2514 2401 Hinc
2543 2364 2673 2418 pro·

383 2419 552 2475 tinus
579 2416 846 2489 sequitur
874 2431 1060 2486 purae
1090 2415 1403 2469 doctrinae
1434 2415 1811 2471 adulteratio.
2419 2411 2423 2415 ’
2608 2434 2623 2446 ·

525 2555 613 2610 124
688 2554 972 2623 Proprius
1007 2570 1201 2610 eorum
1241 2554 1542 2621 propheta.
1629 2555 1765 2606 Non
1810 2554 2047 2620 dubito,
2100 2552 2244 2624 quin
2281 2554 2383 2607 hic
2420 2554 2506 2607 sit
2542 2553 2676 2623 Epi-

385 2626 691 2691 menides,
733 2625 843 2693 ,qui
883 2623 1182 2675 Cretensis
1224 2632 1370 2675 erat.
1458 2625 1612 2675 Nam
1653 2640 1835 2692 quum
1870 2642 1949 2676 ‚ex
1986 2623 2123 2691 ipsis
2160 2623 2345 2675 fuisse
2387 2623 2570 2689 dicit,
2617 2632 2677 2674 et

385 2694 696 2766 proprium
736 2709 942 2746 eorum
978 2691 1371 2761 prophetam,
1409 2691 1700 2761 significat
1725 2683 1936 2761 procul
1964 2693 2139 2744 dubio
2152 2692 2357 2745 Juisse
2387 2693 2675 2760 gentilem

386 2763 783 2820 Cretensium.
866 2762 990 2813 Cur
1032 2761 1382 2828 prophetam
1424 2760 1717 2829 appellet,
1768 2762 2105 2831 ambigitur.
2193 2757 2450 2830 Quidam
2492 2762 2676 2812 ratio·

385 2850 527 2887 nem
570 2832 861 2910 afferunt,
910 2828 1051 2899 quia
1084 2830 1273 2911 liber..
1330 2829 1484 2883 unde
1510 2830 1785 2911 ‘sumpsit
1829 2831 1944 2882 hoc
1990 2830 2405 2882 testimonium
2439 2829 2677 2895 Paulus,

384 2918 576 3025 {5:1⁸3ss
582 2912 741 3038 *2322
755 2898 2545 3037 ‘32⁶3ff222‘33'2fi32210t5¹21¹13222522313222'2‘?{zsstsf‘gsstz
2566 2913 2680 3019 δ’ἐξ

386 3056 592 3094 servos
617 3037 819 3089 audire
845 3037 1065 3089 renuit.
1148 3036 1262 3091 Sed
1290 3053 1472 3106 quum
1499 3036 1716 3088 Poetae
1741 3035 2035 3088 interdum
2071 3036 2317 3089 Graecis
2349 3036 2680 3105 prophetae

386 3108 697 3172 dicantur,
746 3105 1242 3175 quemadmodum
1288 3104 1446 3172 apud
1484 3104 1733 3157 Latinos
1775 3114 1968 3157 vates:
2027 3104 2385 3172 simpliciter
2425 3121 2536 3174 pro
2582 3104 2683 3156 do·

386 3186 555 3234 ctore
578 3177 678 3229 hic
705 3175 958 3242 accipio.
1031 3175 1189 3226 Hinc
1223 3185 1424 3227 autem
1451 3174 1775 3239 appellatio
1808 3179 1900 3241 (ut
1930 3172 2183 3237 videtur)
2214 3185 2345 3225 orta
2375 3186 2488 3239 est,
2521 3171 2685 3242 quod

385 3261 623 3315 semper
650 3245 844 3295 habiti
874 3253 1012 3295 sunt
1040 3260 1225 3309 genus
1252 3248 1416 3296 θεῖον
1442 3246 1535 3295 καὶ
1563 3236 2037 3297 ἐνθουσιαστικόν.
2084 3295 2087 3300 ,
2120 3242 2286 3295 Unde
2319 3253 2380 3295 et
2408 3241 2686 3295 Adiman-

383 3325 482 3370 tus
507 3314 673 3382 'apud
705 3312 1016 3364 Platonem
1039 3313 1094 3364 2.
1119 3312 1191 3363 de
1216 3313 1488 3379 repub1.,
1536 3323 1855 3382 postquam
1893 3309 2128 3363 vocavit
2164 3313 2372 3363 Poetae
2412 3313 2688 3363 Deorum

384 3382 581 3449 filios,
634 3381 828 3446 addit,
882 3397 1093 3433 eorum
1130 3397 1367 3450 quoque
1408 3382 1600 3433 factos
1643 3382 1826 3435 fuisse
1867 3379 2214 3448 prophetas.
2289 3382 2493 3449 Quare
2529 3378 2688 3430 mihi

387 3451 625 3504 videtur
652 3450 867 3502 Paulus
887 3450 978 3502 ,ad
1020 3463 1401 3502 communem
1439 3466 1612 3502 usum
1651 3466 1983 3503 sermonem
2007 3451 2483 3501 accommodare.
2557 3449 2688 3499 Nec

386 3519 608 3585 refert,
657 3536 774 3587 qua
814 3518 1125 3570 occasione
1155 3506 1539 3585 Epimenides
1577 3535 1712 3570 suos
1756 3526 2180 3570 conterraneos
2221 3526 2404 3568 vocet
2428 3518 2689 3569 ‘menda-

390 3604 487 3639 ces
507 3624 525 3654 ,
560 3605 774 3655 nempe
803 3587 938 3655 quia
966 3589 1117 3639 Iovis
1146 3589 1490 3653 sepulcrum
1517 3587 1737 3640 habere
1761 3586 2023 3647 iactent3
2064 3587 2164 3636 sed
2191 3586 2482 3654 quoniam
2505 3587 2691 3636 Poeta

391 3672 464 3707 ex
501 3657 648 3707 trita
687 3665 749 3707 et
789 3655 977 3708 veteri
1017 3655 1173 3708 fama
1205 3655 1360 3707 istud
1390 3657 1607 3720 sumit,
1642 3655 1960 3730 Apostolus
1988 3664 2271 3722 tanquam
2300 3653 2691 3722 proverbiale

389 3723 633 3792 aliquod
660 3725 885 3776 dictum
910 3724 1077 3777 citat.
1152 3724 1213 3775 Si
1243 3735 1479 3777 versum
1505 3723 1788 3776 Latinum
1821 3725 2054 3775 Graeco
2074 3723 2553 3791 respondentem
2583 3722 2693 3774 ha·

388 3791 534 3845 bere
562 3792 790 3860 placet,
824 3795 907 3845 sic
937 3810 1062 3845 non
1085 3791 1468 3846 incommode
1491 3793 1812 3848 reddetur=

592 3890 850 3946 Mendax
868 3930 884 3959 ,
922 3891 1313 3963 venter-iners
1331 3930 1347 3960 ,
1387 3905 1624 3962 semper
1648 3891 2024 3946 mala'bestia
2057 3893 2202 3944 Cres
2230 3877 2335 3943 est.

272 4008 298 4017 “
391 3995 708 4048 Caeterum
734 3997 1074 4066 colligimus
1101 4015 1173 4050 ex
1204 3999 1322 4051 hoc
1349 4000 1486 4052 loco
1505 4037 1524 4065 ,
1560 3999 2001 4067 superstitiosos
2033 4013 2190 4063 esse,
2212 4005 2223 4013 '
2242 3998 2344 4067 qui
2381 4014 2453 4050 ex
2484 4000 2697 4072 profa-¹

392 4065 483 4117 nis
517 4063 903 4130 scriptoribus
946 4067 1101 4119 nihil
1138 4070 1400 4120 mutuari
1439 4063 1674 4136 audent.
1716 4069 1902 4121 ‘Nam
1946 4083 2127 4136 quum
2173 4068 2364 4120 omnis
2405 4068 2695 4121 veritas-a

391 4133 525 4186 Deo
554 4132 671 4198 sit,
718 4132 768 4184 si
799 4134 941 4201 quid
968 4136 1115 4187 scite
1148 4146 1208 4188 et
1230 4154 1367 4189 vere
1397 4137 1470 4189 ab
1499 4135 1700 4203 impiis
1729 4136 1959 4189 dictum
1994 4145 2116 4202 est,
2155 4152 2275 4203 nqn
2302 4137 2484 4188 debet
2512 4137 2695 4207 repu·
2716 4167 2729 4176 =

393 4199 582 4268 diari,
620 4200 761 4269 quia
788 4219 819 4252 a
847 4204 976 4255 Deo
1010 4213 1101 4254 est
1128 4206 1488 4273 profectum.
1559 4206 1792 4257 Deinde
1822 4222 2001 4276 quum
2031 4204 2229 4256 omnia
2255 4204 2372 4256 Dei
2399 4204 2545 4270 sint,
2583 4222 2723 4266 cur,

391 4269 483 4323 fas
524 4285 642 4320 uon
684 4280 869 4337 esset,
926 4271 992 4326 iu
1029 4271 1155 4325 eius
1190 4274 1452 4340 gloriam
1486 4274 1827 4344 applicare,
1893 4272 2180 4344 quicquid
2221 4272 2288 4324 in
2327 4290 2468 4325 eum
2514 4291 2693 4327 usum

392 4347 532 4406 apte
564 4337 825 4390 conferri
861 4341 1102 4406 potest?
1175 4341 1295 4395 Sed
1332 4358 1403 4396 ca
1445 4344 1516 4397 de
1552 4357 1621 4396 re
1656 4343 1906 4412 legatur
1931 4341 2131 4396 Basilii
2163 4342 2356 4394 oratio
2389 4340 2533 4415 πρὸς
2562 4341 2695 4402 τοῦς

394 4408 584 4474 νέους,
628 4400 781 4468 ὅπως
802 4403 878 4462 ἂν
898 4406 1096 4471 33122.
1121 4419 1239 4478 etc,
1273 4445 1300 4456 --
1710 4429 1719 4454 ι
2242 4451 2255 4458 „
2594 4419 2599 4426 ‘

2023 4511 2059 4531 A

235 4589 528 4787 Ns
