<?xml version="1.0" encoding="UTF-8"?>
<!DOCTYPE html PUBLIC "-//W3C//DTD XHTML 1.0 Transitional//EN"
    "http://www.w3.org/TR/xhtml1/DTD/xhtml1-transitional.dtd">
<html xmlns="http://www.w3.org/1999/xhtml" xml:lang="en" lang="en">
 <head>
  <title>
</title>
<meta http-equiv="Content-Type" content="text/html;charset=utf-8" />
  <meta name='ocr-system' content='tesseract 3.04.00' />
  <meta name='ocr-capabilities' content='ocr_page ocr_carea ocr_par ocr_line ocrx_word'/>
</head>
<body>
  <div class='ocr_page' id='page_1' title='image "./johanniscalvini00calvgoog_0202.png"; bbox 0 0 2820 4895; ppageno 0'>
   <div class='ocr_carea' id='block_1_1' title="bbox 280 411 2604 772">
    <p class='ocr_par' dir='ltr' id='par_1_1' title="bbox 280 409 2534 730">
     <span class='ocr_line' id='line_1_1' title="bbox 1059 411 2434 572; baseline -0.005 -1.496"><span class='ocrx_word' id='word_1_1' title='bbox 1059 433 1462 572; x_wconf 72' lang='lat' dir='ltr'>manno</span> <span class='ocrx_word' id='word_1_2' title='bbox 1527 411 1858 571; x_wconf 26' lang='lat' dir='ltr'>vnio·</span> <span class='ocrx_word' id='word_1_3' title='bbox 2363 481 2434 492; x_wconf 67' lang='lat'>&#39;‘</span> 
     </span>
     <span class='ocr_line' id='line_1_2' title="bbox 280 613 2604 772; baseline -0.001 -48"><span class='ocrx_word' id='word_1_4' title='bbox 280 613 1450 733; x_wconf 81' lang='lat' dir='ltr'><strong>BENEDI‘CTO</strong></span> <span class='ocrx_word' id='word_1_5' title='bbox 1611 613 2604 772; x_wconf 73' lang='lat' dir='ltr'>TEXT‘ORI,</span> 
     </span>
    </p>
   </div>
   <div class='ocr_carea' id='block_1_2' title="bbox 1216 767 1653 870">
    <p class='ocr_par' dir='ltr' id='par_1_2' title="bbox 1216 767 1653 870">
     <span class='ocr_line' id='line_1_3' title="bbox 1216 767 1653 870; baseline -0.014 -7"><span class='ocrx_word' id='word_1_6' title='bbox 1216 767 1653 870; x_wconf 61' lang='lat' dir='ltr'><strong>MEDICO·</strong></span> 
     </span>
    </p>
   </div>
   <div class='ocr_carea' id='block_1_3' title="bbox 174 944 2704 2248">
    <p class='ocr_par' dir='ltr' id='par_1_3' title="bbox 174 944 2704 2248">
     <span class='ocr_line' id='line_1_4' title="bbox 174 944 2600 1146; baseline 0.005 -62"><span class='ocrx_word' id='word_1_7' title='bbox 174 1081 185 1084; x_wconf 82' lang='grc'><strong>,</strong></span> <span class='ocrx_word' id='word_1_8' title='bbox 225 1032 233 1039; x_wconf 90' lang='grc'><em>·</em></span> <span class='ocrx_word' id='word_1_9' title='bbox 285 944 622 1146; x_wconf 79' lang='lat' dir='ltr'>Quum</span> <span class='ocrx_word' id='word_1_10' title='bbox 663 1037 738 1099; x_wconf 84' lang='lat' dir='ltr'>te</span> <span class='ocrx_word' id='word_1_11' title='bbox 787 1031 869 1122; x_wconf 83' lang='grc' dir='ltr'>ἰιι</span> <span class='ocrx_word' id='word_1_12' title='bbox 913 1031 1091 1099; x_wconf 80' lang='lat' dir='ltr'>artis</span> <span class='ocrx_word' id='word_1_13' title='bbox 1132 985 1306 1104; x_wconf 80' lang='lat' dir='ltr'>tuae</span> <span class='ocrx_word' id='word_1_14' title='bbox 1348 1030 1658 1101; x_wconf 83' lang='lat' dir='ltr'>scientia</span> <span class='ocrx_word' id='word_1_15' title='bbox 1701 1027 2083 1112; x_wconf 83' lang='lat' dir='ltr'>excellere</span> <span class='ocrx_word' id='word_1_16' title='bbox 2102 1007 2430 1106; x_wconf 71' lang='lat' dir='ltr'>iudicent</span> <span class='ocrx_word' id='word_1_17' title='bbox 2460 1027 2600 1119; x_wconf 87' lang='lat' dir='ltr'>qui</span> 
     </span>
     <span class='ocr_line' id='line_1_5' title="bbox 256 1121 2666 1228; baseline -0 -31"><span class='ocrx_word' id='word_1_18' title='bbox 256 1138 458 1222; x_wconf 66' lang='lat' dir='ltr'>,sunt</span> <span class='ocrx_word' id='word_1_19' title='bbox 500 1123 750 1199; x_wconf 89' lang='lat' dir='ltr'>idonei</span> <span class='ocrx_word' id='word_1_20' title='bbox 797 1132 957 1201; x_wconf 87' lang='lat' dir='ltr'>eius</span> <span class='ocrx_word' id='word_1_21' title='bbox 1006 1121 1120 1200; x_wconf 83' lang='lat' dir='ltr'>rei</span> <span class='ocrx_word' id='word_1_22' title='bbox 1166 1135 1617 1228; x_wconf 82' lang='lat' dir='ltr'>cognitores:</span> <span class='ocrx_word' id='word_1_23' title='bbox 1661 1156 1829 1226; x_wconf 84' lang='lat' dir='ltr'>ego</span> <span class='ocrx_word' id='word_1_24' title='bbox 1873 1144 2209 1203; x_wconf 80' lang='lat' dir='ltr'>exactam</span> <span class='ocrx_word' id='word_1_25' title='bbox 2244 1127 2465 1200; x_wconf 75' lang='lat' dir='ltr'>fidem</span> <span class='ocrx_word' id='word_1_26' title='bbox 2503 1152 2598 1197; x_wconf 89' lang='lat' dir='ltr'>ac</span> <span class='ocrx_word' id='word_1_27' title='bbox 2662 1211 2666 1215; x_wconf 31' lang='grc'><strong>,</strong></span> 
     </span>
     <span class='ocr_line' id='line_1_6' title="bbox 289 1230 2662 1329; baseline 0.001 -31"><span class='ocrx_word' id='word_1_28' title='bbox 289 1230 787 1323; x_wconf 80' lang='lat' dir='ltr'>diligentiam,</span> <span class='ocrx_word' id='word_1_29' title='bbox 837 1256 1055 1325; x_wconf 88' lang='lat' dir='ltr'>quam</span> <span class='ocrx_word' id='word_1_30' title='bbox 1087 1245 1244 1306; x_wconf 84' lang='lat' dir='ltr'>tum</span> <span class='ocrx_word' id='word_1_31' title='bbox 1277 1239 1356 1304; x_wconf 92' lang='lat' dir='ltr'>in</span> <span class='ocrx_word' id='word_1_32' title='bbox 1388 1234 1733 1305; x_wconf 80' lang='lat' dir='ltr'><strong>curandis</strong></span> <span class='ocrx_word' id='word_1_33' title='bbox 1765 1235 2105 1329; x_wconf 76' lang='lat' dir='ltr'>aegrotiS,</span> <span class='ocrx_word' id='word_1_34' title='bbox 2154 1244 2315 1302; x_wconf 86' lang='lat' dir='ltr'>tum</span> <span class='ocrx_word' id='word_1_35' title='bbox 2351 1234 2430 1300; x_wconf 90' lang='lat' dir='ltr'>in</span> <span class='ocrx_word' id='word_1_36' title='bbox 2458 1254 2602 1300; x_wconf 87' lang='lat' dir='ltr'>re-</span> <span class='ocrx_word' id='word_1_37' title='bbox 2653 1233 2662 1236; x_wconf 77' lang='grc'><em>“</em></span> 
     </span>
     <span class='ocr_line' id='line_1_7' title="bbox 285 1335 2602 1435; baseline -0.001 -31"><span class='ocrx_word' id='word_1_38' title='bbox 285 1336 573 1427; x_wconf 79' lang='lat' dir='ltr'>sponsis</span> <span class='ocrx_word' id='word_1_39' title='bbox 610 1335 880 1412; x_wconf 84' lang='lat' dir='ltr'>dandis</span> <span class='ocrx_word' id='word_1_40' title='bbox 897 1335 1250 1407; x_wconf 86' lang='lat' dir='ltr'>adhibere</span> <span class='ocrx_word' id='word_1_41' title='bbox 1284 1336 1518 1428; x_wconf 86' lang='lat' dir='ltr'>soles,</span> <span class='ocrx_word' id='word_1_42' title='bbox 1582 1361 1732 1435; x_wconf 88' lang='lat' dir='ltr'>pro</span> <span class='ocrx_word' id='word_1_43' title='bbox 1759 1360 2039 1407; x_wconf 87' lang='lat' dir='ltr'>summa</span> <span class='ocrx_word' id='word_1_44' title='bbox 2074 1337 2354 1405; x_wconf 83' lang='lat' dir='ltr'>virtute</span> <span class='ocrx_word' id='word_1_45' title='bbox 2389 1357 2602 1402; x_wconf 86' lang='lat' dir='ltr'>sem-</span> 
     </span>
     <span class='ocr_line' id='line_1_8' title="bbox 288 1435 2605 1533; baseline -0 -30"><span class='ocrx_word' id='word_1_46' title='bbox 288 1459 428 1531; x_wconf 88' lang='lat' dir='ltr'>per</span> <span class='ocrx_word' id='word_1_47' title='bbox 477 1436 685 1504; x_wconf 79' lang='lat' dir='ltr'>duxi.</span> <span class='ocrx_word' id='word_1_48' title='bbox 802 1439 1005 1507; x_wconf 88' lang='lat' dir='ltr'>Sed</span> <span class='ocrx_word' id='word_1_49' title='bbox 978 1461 1060 1507; x_wconf 90' lang='grc' dir='ltr'>ιιι</span> <span class='ocrx_word' id='word_1_50' title='bbox 1094 1462 1259 1509; x_wconf 88' lang='lat' dir='ltr'>mea</span> <span class='ocrx_word' id='word_1_51' title='bbox 1288 1442 1725 1533; x_wconf 86' lang='lat' dir='ltr'>praesertim</span> <span class='ocrx_word' id='word_1_52' title='bbox 1758 1438 2182 1510; x_wconf 86' lang='lat' dir='ltr'>valetudine</span> <span class='ocrx_word' id='word_1_53' title='bbox 2211 1436 2333 1507; x_wconf 86' lang='lat' dir='ltr'>vel</span> <span class='ocrx_word' id='word_1_54' title='bbox 2366 1435 2605 1506; x_wconf 76' lang='lat' dir='ltr'>resti-</span> 
     </span>
     <span class='ocr_line' id='line_1_9' title="bbox 286 1537 2608 1631; baseline -0.003 -21"><span class='ocrx_word' id='word_1_55' title='bbox 286 1537 565 1610; x_wconf 89' lang='lat' dir='ltr'>tuenda</span> <span class='ocrx_word' id='word_1_56' title='bbox 614 1537 738 1609; x_wconf 86' lang='lat' dir='ltr'>vel</span> <span class='ocrx_word' id='word_1_57' title='bbox 798 1540 1074 1610; x_wconf 88' lang='lat' dir='ltr'>tuenda</span> <span class='ocrx_word' id='word_1_58' title='bbox 1139 1543 1249 1612; x_wconf 86' lang='lat' dir='ltr'>sic</span> <span class='ocrx_word' id='word_1_59' title='bbox 1291 1554 1367 1612; x_wconf 82' lang='lat' dir='ltr'>te</span> <span class='ocrx_word' id='word_1_60' title='bbox 1412 1541 1686 1612; x_wconf 76' lang='lat' dir='ltr'>sedulo</span> <span class='ocrx_word' id='word_1_61' title='bbox 1714 1543 2080 1610; x_wconf 86' lang='lat' dir='ltr'>intentum</span> <span class='ocrx_word' id='word_1_62' title='bbox 2125 1539 2356 1607; x_wconf 88' lang='lat' dir='ltr'>fuisse</span> <span class='ocrx_word' id='word_1_63' title='bbox 2406 1560 2608 1631; x_wconf 88' lang='lat' dir='ltr'>per-</span> 
     </span>
     <span class='ocr_line' id='line_1_10' title="bbox 290 1629 2604 1734; baseline -0.001 -25"><span class='ocrx_word' id='word_1_64' title='bbox 290 1642 549 1732; x_wconf 82' lang='lat' dir='ltr'>spexi:</span> <span class='ocrx_word' id='word_1_65' title='bbox 611 1654 722 1713; x_wconf 88' lang='lat' dir='ltr'>ut</span> <span class='ocrx_word' id='word_1_66' title='bbox 736 1637 960 1712; x_wconf 84' lang='lat' dir='ltr'>facile</span> <span class='ocrx_word' id='word_1_67' title='bbox 1006 1655 1410 1734; x_wconf 85' lang='lat' dir='ltr'>constaret,</span> <span class='ocrx_word' id='word_1_68' title='bbox 1476 1666 1624 1722; x_wconf 86' lang='lat' dir='ltr'>non</span> <span class='ocrx_word' id='word_1_69' title='bbox 1663 1657 1813 1715; x_wconf 85' lang='lat' dir='ltr'>tam</span> <span class='ocrx_word' id='word_1_70' title='bbox 1854 1645 2070 1712; x_wconf 89' lang='lat' dir='ltr'>unius</span> <span class='ocrx_word' id='word_1_71' title='bbox 2108 1629 2425 1710; x_wconf 89' lang='lat' dir='ltr'>hominis</span> <span class='ocrx_word' id='word_1_72' title='bbox 2465 1640 2604 1709; x_wconf 82' lang='lat' dir='ltr'>abs</span> 
     </span>
     <span class='ocr_line' id='line_1_11' title="bbox 290 1739 2605 1839; baseline -0.002 -26"><span class='ocrx_word' id='word_1_73' title='bbox 290 1754 369 1813; x_wconf 71' lang='lat' dir='ltr'>ie</span> <span class='ocrx_word' id='word_1_74' title='bbox 414 1739 676 1812; x_wconf 88' lang='lat' dir='ltr'>haberi</span> <span class='ocrx_word' id='word_1_75' title='bbox 721 1745 1155 1835; x_wconf 84' lang='lat' dir='ltr'>rationem,</span> <span class='ocrx_word' id='word_1_76' title='bbox 1189 1769 1410 1839; x_wconf 84' lang='lat' dir='ltr'>quam</span> <span class='ocrx_word' id='word_1_77' title='bbox 1455 1770 1842 1816; x_wconf 87' lang='lat' dir='ltr'>commune</span> <span class='ocrx_word' id='word_1_78' title='bbox 1887 1745 2270 1821; x_wconf 72' lang='lat' dir='ltr'><strong>Ecclesiae</strong></span> <span class='ocrx_word' id='word_1_79' title='bbox 2316 1743 2605 1813; x_wconf 86' lang='lat' dir='ltr'>bonum</span> 
     </span>
     <span class='ocr_line' id='line_1_12' title="bbox 294 1834 2704 1938; baseline 0 -25"><span class='ocrx_word' id='word_1_80' title='bbox 294 1843 541 1913; x_wconf 82' lang='lat' dir='ltr'>studio</span> <span class='ocrx_word' id='word_1_81' title='bbox 578 1834 664 1913; x_wconf 80' lang='lat' dir='ltr'>ac</span> <span class='ocrx_word' id='word_1_82' title='bbox 697 1869 917 1915; x_wconf 87' lang='lat' dir='ltr'>curae</span> <span class='ocrx_word' id='word_1_83' title='bbox 948 1848 1086 1917; x_wconf 87' lang='lat' dir='ltr'>tibi</span> <span class='ocrx_word' id='word_1_84' title='bbox 1122 1871 1304 1918; x_wconf 84' lang='lat' dir='ltr'>esse.</span> <span class='ocrx_word' id='word_1_85' title='bbox 1425 1848 1734 1919; x_wconf 84' lang='lat' dir='ltr'>Putaret</span> <span class='ocrx_word' id='word_1_86' title='bbox 1760 1845 1957 1919; x_wconf 79' lang='lat' dir='ltr'>forte</span> <span class='ocrx_word' id='word_1_87' title='bbox 1988 1847 2175 1916; x_wconf 83' lang='lat' dir='ltr'>alius</span> <span class='ocrx_word' id='word_1_88' title='bbox 2211 1846 2607 1938; x_wconf 78' lang='lat' dir='ltr'>quispiam,</span> <span class='ocrx_word' id='word_1_89' title='bbox 2695 1837 2704 1848; x_wconf 66' lang='lat'><em>&#39;</em></span> 
     </span>
     <span class='ocr_line' id='line_1_13' title="bbox 291 1931 2608 2042; baseline -0 -27"><span class='ocrx_word' id='word_1_90' title='bbox 291 1943 539 2016; x_wconf 84' lang='lat' dir='ltr'>levius</span> <span class='ocrx_word' id='word_1_91' title='bbox 573 1946 745 2016; x_wconf 89' lang='lat' dir='ltr'>ideo</span> <span class='ocrx_word' id='word_1_92' title='bbox 777 1971 938 2018; x_wconf 88' lang='lat' dir='ltr'>esse</span> <span class='ocrx_word' id='word_1_93' title='bbox 976 1931 1302 2028; x_wconf 83' lang='lat' dir='ltr'>officium</span> <span class='ocrx_word' id='word_1_94' title='bbox 1323 2000 1346 2040; x_wconf 89' lang='lat'>,</span> <span class='ocrx_word' id='word_1_95' title='bbox 1414 1951 1614 2042; x_wconf 88' lang='lat' dir='ltr'>quod</span> <span class='ocrx_word' id='word_1_96' title='bbox 1648 1972 1797 2020; x_wconf 90' lang='lat' dir='ltr'>non</span> <span class='ocrx_word' id='word_1_97' title='bbox 1829 1952 2177 2042; x_wconf 84' lang='lat' dir='ltr'>privatim</span> <span class='ocrx_word' id='word_1_98' title='bbox 2214 1949 2355 2017; x_wconf 85' lang='lat' dir='ltr'>sibi</span> <span class='ocrx_word' id='word_1_99' title='bbox 2399 1946 2608 2015; x_wconf 89' lang='lat' dir='ltr'>dun·-</span> 
     </span>
     <span class='ocr_line' id='line_1_14' title="bbox 297 2047 2611 2148; baseline -0.002 -29"><span class='ocrx_word' id='word_1_100' title='bbox 297 2057 504 2119; x_wconf 79' lang='lat' dir='ltr'><strong>taxat</strong></span> <span class='ocrx_word' id='word_1_101' title='bbox 548 2049 964 2142; x_wconf 88' lang='lat' dir='ltr'>impensum</span> <span class='ocrx_word' id='word_1_102' title='bbox 1006 2051 1228 2126; x_wconf 65' lang='lat' dir='ltr'>foret.</span> <span class='ocrx_word' id='word_1_103' title='bbox 1328 2051 1494 2148; x_wconf 86' lang='lat' dir='ltr'>Ego</span> <span class='ocrx_word' id='word_1_104' title='bbox 1529 2064 1792 2122; x_wconf 83' lang='lat' dir='ltr'>&#39;autem</span> <span class='ocrx_word' id='word_1_105' title='bbox 1840 2052 1956 2142; x_wconf 89' lang='lat' dir='ltr'>bis</span> <span class='ocrx_word' id='word_1_106' title='bbox 2002 2073 2123 2120; x_wconf 89' lang='lat' dir='ltr'>me</span> <span class='ocrx_word' id='word_1_107' title='bbox 2164 2051 2413 2143; x_wconf 85' lang='lat' dir='ltr'>potius</span> <span class='ocrx_word' id='word_1_108' title='bbox 2460 2047 2611 2117; x_wconf 86' lang='lat' dir='ltr'>tibi</span> 
     </span>
     <span class='ocr_line' id='line_1_15' title="bbox 300 2149 2698 2248; baseline -0.001 -29"><span class='ocrx_word' id='word_1_109' title='bbox 300 2149 731 2223; x_wconf 88' lang='lat' dir='ltr'>obstrictum</span> <span class='ocrx_word' id='word_1_110' title='bbox 767 2176 929 2221; x_wconf 88' lang='lat' dir='ltr'>esse</span> <span class='ocrx_word' id='word_1_111' title='bbox 965 2157 1243 2226; x_wconf 84' lang='lat' dir='ltr'>sentio:</span> <span class='ocrx_word' id='word_1_112' title='bbox 1294 2156 1522 2248; x_wconf 88' lang='lat' dir='ltr'>quod,</span> <span class='ocrx_word' id='word_1_113' title='bbox 1574 2177 1802 2247; x_wconf 90' lang='lat' dir='ltr'>quum</span> <span class='ocrx_word' id='word_1_114' title='bbox 1832 2155 1912 2221; x_wconf 87' lang='lat' dir='ltr'>in</span> <span class='ocrx_word' id='word_1_115' title='bbox 1946 2152 2306 2224; x_wconf 84' lang='lat' dir='ltr'>obeundis</span> <span class='ocrx_word' id='word_1_116' title='bbox 2337 2150 2610 2220; x_wconf 85' lang='lat' dir='ltr'>amici-</span> <span class='ocrx_word' id='word_1_117' title='bbox 2691 2189 2698 2194; x_wconf 17' lang='grc' dir='ltr'><strong>ἡ</strong></span> 
     </span>
    </p>
   </div>
   <div class='ocr_carea' id='block_1_4' title="bbox 178 2253 2613 2350">
    <p class='ocr_par' dir='ltr' id='par_1_4' title="bbox 178 2253 2613 2350">
     <span class='ocr_line' id='line_1_16' title="bbox 178 2253 2613 2350; baseline -0.002 -27"><span class='ocrx_word' id='word_1_118' title='bbox 178 2267 199 2308; x_wconf 58' lang='grc' dir='ltr'><strong><em>Γ</em></strong></span> <span class='ocrx_word' id='word_1_119' title='bbox 297 2253 449 2326; x_wconf 80' lang='lat' dir='ltr'>tiae</span> <span class='ocrx_word' id='word_1_120' title='bbox 479 2254 812 2345; x_wconf 84' lang='lat' dir='ltr'>partibus</span> <span class='ocrx_word' id='word_1_121' title='bbox 842 2253 1031 2340; x_wconf 88' lang='lat' dir='ltr'>nihil</span> <span class='ocrx_word' id='word_1_122' title='bbox 1066 2259 1366 2326; x_wconf 87' lang='lat' dir='ltr'>omnino</span> <span class='ocrx_word' id='word_1_123' title='bbox 1400 2257 2070 2350; x_wconf 81' lang='lat' dir='ltr'>praetermitteres,</span> <span class='ocrx_word' id='word_1_124' title='bbox 2138 2255 2230 2323; x_wconf 88' lang='lat' dir='ltr'>de</span> <span class='ocrx_word' id='word_1_125' title='bbox 2262 2254 2613 2350; x_wconf 78' lang='lat' dir='ltr'>ministe-</span> 
     </span>
    </p>
   </div>
   <div class='ocr_carea' id='block_1_5' title="bbox 197 2348 2676 3271">
    <p class='ocr_par' dir='ltr' id='par_1_5' title="bbox 234 2348 2676 3062">
     <span class='ocr_line' id='line_1_17' title="bbox 296 2348 2612 2453; baseline -0.001 -30"><span class='ocrx_word' id='word_1_126' title='bbox 296 2348 414 2423; x_wconf 82' lang='lat' dir='ltr'>rio</span> <span class='ocrx_word' id='word_1_127' title='bbox 447 2377 739 2447; x_wconf 89' lang='lat' dir='ltr'>quoque</span> <span class='ocrx_word' id='word_1_128' title='bbox 772 2378 966 2447; x_wconf 88' lang='lat' dir='ltr'>meo,</span> <span class='ocrx_word' id='word_1_129' title='bbox 1015 2358 1218 2450; x_wconf 89' lang='lat' dir='ltr'>quod</span> <span class='ocrx_word' id='word_1_130' title='bbox 1249 2357 1432 2428; x_wconf 88' lang='lat' dir='ltr'>mihi</span> <span class='ocrx_word' id='word_1_131' title='bbox 1465 2360 1777 2453; x_wconf 88' lang='lat' dir='ltr'>propria</span> <span class='ocrx_word' id='word_1_132' title='bbox 1806 2360 1980 2431; x_wconf 81' lang='lat' dir='ltr'>vita</span> <span class='ocrx_word' id='word_1_133' title='bbox 1990 2355 2234 2428; x_wconf 80' lang='lat' dir='ltr'>carius</span> <span class='ocrx_word' id='word_1_134' title='bbox 2266 2379 2428 2425; x_wconf 87' lang='lat' dir='ltr'>esse</span> <span class='ocrx_word' id='word_1_135' title='bbox 2462 2353 2612 2421; x_wconf 87' lang='lat' dir='ltr'>de-</span> 
     </span>
     <span class='ocr_line' id='line_1_18' title="bbox 297 2456 2612 2554; baseline -0.002 -26"><span class='ocrx_word' id='word_1_136' title='bbox 297 2456 464 2545; x_wconf 88' lang='lat' dir='ltr'>bet,</span> <span class='ocrx_word' id='word_1_137' title='bbox 515 2456 749 2529; x_wconf 87' lang='lat' dir='ltr'>fueris</span> <span class='ocrx_word' id='word_1_138' title='bbox 778 2461 1090 2552; x_wconf 86' lang='lat' dir='ltr'>perinde</span> <span class='ocrx_word' id='word_1_139' title='bbox 1122 2460 1504 2532; x_wconf 84' lang='lat' dir='ltr'>sollicitus.</span> <span class='ocrx_word' id='word_1_140' title='bbox 1607 2461 1956 2534; x_wconf 88' lang='lat' dir='ltr'>Mortuae</span> <span class='ocrx_word' id='word_1_141' title='bbox 1981 2470 2371 2554; x_wconf 86' lang='lat' dir='ltr'>praeterea</span> <span class='ocrx_word' id='word_1_142' title='bbox 2404 2479 2612 2525; x_wconf 86' lang='lat' dir='ltr'>uxo-</span> 
     </span>
     <span class='ocr_line' id='line_1_19' title="bbox 297 2562 2610 2655; baseline -0 -26"><span class='ocrx_word' id='word_1_143' title='bbox 297 2564 403 2629; x_wconf 83' lang='lat' dir='ltr'>ris</span> <span class='ocrx_word' id='word_1_144' title='bbox 437 2563 836 2649; x_wconf 88' lang='lat' dir='ltr'>memoria,</span> <span class='ocrx_word' id='word_1_145' title='bbox 891 2575 1243 2652; x_wconf 80' lang='lat' dir='ltr'>quantum</span> <span class='ocrx_word' id='word_1_146' title='bbox 1275 2563 1415 2634; x_wconf 87' lang='lat' dir='ltr'>tibi</span> <span class='ocrx_word' id='word_1_147' title='bbox 1447 2562 1796 2653; x_wconf 80' lang='lat' dir='ltr'><strong>debeam,</strong></span> <span class='ocrx_word' id='word_1_148' title='bbox 1866 2563 2195 2655; x_wconf 85' lang='lat' dir='ltr'>quotidie</span> <span class='ocrx_word' id='word_1_149' title='bbox 2234 2562 2610 2644; x_wconf 79' lang='lat' dir='ltr'>admonet,</span> 
     </span>
     <span class='ocr_line' id='line_1_20' title="bbox 297 2648 2676 2760; baseline -0.002 -29"><span class='ocrx_word' id='word_1_150' title='bbox 297 2684 450 2731; x_wconf 89' lang='lat' dir='ltr'>non</span> <span class='ocrx_word' id='word_1_151' title='bbox 488 2662 709 2732; x_wconf 90' lang='lat' dir='ltr'>modo</span> <span class='ocrx_word' id='word_1_152' title='bbox 741 2663 940 2754; x_wconf 84' lang='lat' dir='ltr'>quod</span> <span class='ocrx_word' id='word_1_153' title='bbox 970 2687 1115 2756; x_wconf 91' lang='lat' dir='ltr'>ope</span> <span class='ocrx_word' id='word_1_154' title='bbox 1147 2677 1275 2737; x_wconf 86' lang='lat' dir='ltr'>tua</span> <span class='ocrx_word' id='word_1_155' title='bbox 1305 2668 1598 2760; x_wconf 86' lang='lat' dir='ltr'>saepius</span> <span class='ocrx_word' id='word_1_156' title='bbox 1631 2667 1917 2752; x_wconf 84' lang='lat' dir='ltr'>levata,</span> <span class='ocrx_word' id='word_1_157' title='bbox 1931 2663 2199 2735; x_wconf 84' lang='lat' dir='ltr'>semel</span> <span class='ocrx_word' id='word_1_158' title='bbox 2247 2686 2344 2733; x_wconf 82' lang='lat' dir='ltr'>ex</span> <span class='ocrx_word' id='word_1_159' title='bbox 2396 2648 2631 2755; x_wconf 53' lang='lat' dir='ltr'>gravi*</span> <span class='ocrx_word' id='word_1_160' title='bbox 2671 2696 2676 2711; x_wconf 78' lang='lat'><em>=</em></span> 
     </span>
     <span class='ocr_line' id='line_1_21' title="bbox 304 2716 2614 2886; baseline -0 -54"><span class='ocrx_word' id='word_1_161' title='bbox 304 2786 391 2832; x_wconf 85' lang='lat' dir='ltr'>ac</span> <span class='ocrx_word' id='word_1_162' title='bbox 421 2765 869 2856; x_wconf 88' lang='lat' dir='ltr'>periculoso·</span> <span class='ocrx_word' id='word_1_163' title='bbox 876 2767 1138 2837; x_wconf 84' lang='lat' dir='ltr'>morbo</span> <span class='ocrx_word' id='word_1_164' title='bbox 1173 2767 1512 2841; x_wconf 83' lang='lat' dir='ltr'>restituta</span> <span class='ocrx_word' id='word_1_165' title='bbox 1544 2765 1724 2840; x_wconf 83' lang='lat' dir='ltr'>fuit:</span> <span class='ocrx_word' id='word_1_166' title='bbox 1793 2716 1924 2836; x_wconf 85' lang='lat' dir='ltr'>sed</span> <span class='ocrx_word' id='word_1_167' title='bbox 1936 2755 2155 2886; x_wconf 77' lang='lat' dir='ltr'>quod</span> <span class='ocrx_word' id='word_1_168' title='bbox 2192 2769 2271 2835; x_wconf 93' lang='lat' dir='ltr'>in</span> <span class='ocrx_word' id='word_1_169' title='bbox 2307 2775 2614 2858; x_wconf 85' lang='lat' dir='ltr'>postre—</span> 
     </span>
     <span class='ocr_line' id='line_1_22' title="bbox 234 2864 2614 2964; baseline -0.001 -31"><span class='ocrx_word' id='word_1_170' title='bbox 234 2928 241 2933; x_wconf 90' lang='lat'>.</span> <span class='ocrx_word' id='word_1_171' title='bbox 303 2887 429 2947; x_wconf 80' lang='grc' dir='ltr'><strong>ιιιο</strong></span> <span class='ocrx_word' id='word_1_172' title='bbox 463 2867 724 2955; x_wconf 85' lang='lat' dir='ltr'>etiam,</span> <span class='ocrx_word' id='word_1_173' title='bbox 776 2871 903 2958; x_wconf 91' lang='lat' dir='ltr'>qui</span> <span class='ocrx_word' id='word_1_174' title='bbox 934 2870 1148 2939; x_wconf 88' lang='lat' dir='ltr'>nobis</span> <span class='ocrx_word' id='word_1_175' title='bbox 1180 2893 1349 2940; x_wconf 82' lang='lat' dir='ltr'>eam</span> <span class='ocrx_word' id='word_1_176' title='bbox 1379 2872 1691 2964; x_wconf 84' lang='lat' dir='ltr'>eripuit,</span> <span class='ocrx_word' id='word_1_177' title='bbox 1743 2867 1982 2945; x_wconf 85' lang='lat' dir='ltr'>nihil</span> <span class='ocrx_word' id='word_1_178' title='bbox 1960 2892 2038 2936; x_wconf 89' lang='grc' dir='ltr'>ιιι</span> <span class='ocrx_word' id='word_1_179' title='bbox 2067 2869 2229 2960; x_wconf 86' lang='lat' dir='ltr'>ipsa</span> <span class='ocrx_word' id='word_1_180' title='bbox 2264 2864 2614 2954; x_wconf 76' lang='lat' dir='ltr'>iuvanda,</span> 
     </span>
     <span class='ocr_line' id='line_1_23' title="bbox 307 2958 2612 3062; baseline 0 -28"><span class='ocrx_word' id='word_1_181' title='bbox 307 2968 401 3034; x_wconf 90' lang='lat' dir='ltr'>ad</span> <span class='ocrx_word' id='word_1_182' title='bbox 463 2967 901 3039; x_wconf 83' lang='lat' dir='ltr'>industriam</span> <span class='ocrx_word' id='word_1_183' title='bbox 923 3021 945 3059; x_wconf 90' lang='lat'><strong>,</strong></span> <span class='ocrx_word' id='word_1_184' title='bbox 1046 2970 1420 3061; x_wconf 89' lang='lat' dir='ltr'>laborem,</span> <span class='ocrx_word' id='word_1_185' title='bbox 1519 2972 1883 3059; x_wconf 86' lang='lat' dir='ltr'>studium,</span> <span class='ocrx_word' id='word_1_186' title='bbox 1975 2970 2243 3062; x_wconf 85' lang='lat' dir='ltr'>reliqui</span> <span class='ocrx_word' id='word_1_187' title='bbox 2307 2958 2612 3037; x_wconf 74' lang='lat' dir='ltr'>feceris·</span> 
     </span>
    </p>

    <p class='ocr_par' dir='ltr' id='par_1_6' title="bbox 197 3068 2615 3173">
     <span class='ocr_line' id='line_1_24' title="bbox 197 3068 2615 3173; baseline -0.001 -35"><span class='ocrx_word' id='word_1_188' title='bbox 197 3163 203 3173; x_wconf 87' lang='lat'><em>.</em></span> <span class='ocrx_word' id='word_1_189' title='bbox 303 3068 542 3138; x_wconf 89' lang='lat' dir='ltr'>Porro</span> <span class='ocrx_word' id='word_1_190' title='bbox 578 3073 749 3162; x_wconf 88' lang='lat' dir='ltr'>quia</span> <span class='ocrx_word' id='word_1_191' title='bbox 779 3094 928 3140; x_wconf 89' lang='lat' dir='ltr'>non</span> <span class='ocrx_word' id='word_1_192' title='bbox 963 3071 1195 3143; x_wconf 86' lang='lat' dir='ltr'>aliam</span> <span class='ocrx_word' id='word_1_193' title='bbox 1214 3098 1256 3152; x_wconf 80' lang='lat' dir='ltr'>a</span> <span class='ocrx_word' id='word_1_194' title='bbox 1288 3078 1407 3144; x_wconf 82' lang='lat' dir='ltr'>me</span> <span class='ocrx_word' id='word_1_195' title='bbox 1443 3075 1581 3147; x_wconf 84' lang='lat' dir='ltr'>tibi</span> <span class='ocrx_word' id='word_1_196' title='bbox 1611 3073 2030 3144; x_wconf 87' lang='lat' dir='ltr'><strong>mercedem</strong></span> <span class='ocrx_word' id='word_1_197' title='bbox 2064 3071 2255 3142; x_wconf 88' lang='lat' dir='ltr'>solvi</span> <span class='ocrx_word' id='word_1_198' title='bbox 2290 3068 2615 3164; x_wconf 83' lang='lat' dir='ltr'>pateris:</span> 
     </span>
    </p>

    <p class='ocr_par' dir='ltr' id='par_1_7' title="bbox 302 3172 2618 3271">
     <span class='ocr_line' id='line_1_25' title="bbox 302 3172 2618 3271; baseline -0.001 -31"><span class='ocrx_word' id='word_1_199' title='bbox 302 3182 389 3240; x_wconf 89' lang='lat' dir='ltr'>ut</span> <span class='ocrx_word' id='word_1_200' title='bbox 421 3185 755 3243; x_wconf 85' lang='lat' dir='ltr'>mutuum</span> <span class='ocrx_word' id='word_1_201' title='bbox 787 3172 1083 3264; x_wconf 87' lang='lat' dir='ltr'>aliquod</span> <span class='ocrx_word' id='word_1_202' title='bbox 1112 3189 1307 3248; x_wconf 86' lang='lat' dir='ltr'>esset</span> <span class='ocrx_word' id='word_1_203' title='bbox 1338 3200 1547 3246; x_wconf 88' lang='lat' dir='ltr'><strong>meae</strong></span> <span class='ocrx_word' id='word_1_204' title='bbox 1582 3201 1759 3271; x_wconf 87' lang='lat' dir='ltr'>erga</span> <span class='ocrx_word' id='word_1_205' title='bbox 1791 3188 1864 3246; x_wconf 85' lang='lat' dir='ltr'>te</span> <span class='ocrx_word' id='word_1_206' title='bbox 1899 3173 2460 3244; x_wconf 84' lang='lat' dir='ltr'>benevolentiae</span> <span class='ocrx_word' id='word_1_207' title='bbox 2490 3183 2618 3242; x_wconf 91' lang='lat' dir='ltr'><strong>te·-</strong></span> 
     </span>
    </p>
   </div>
   <div class='ocr_carea' id='block_1_6' title="bbox 296 3272 2617 3481">
    <p class='ocr_par' dir='ltr' id='par_1_8' title="bbox 296 3272 2617 3469">
     <span class='ocr_line' id='line_1_26' title="bbox 296 3272 2617 3392; baseline 0 -48"><span class='ocrx_word' id='word_1_208' title='bbox 296 3273 772 3364; x_wconf 78' lang='lat' dir='ltr'>stimonium,</span> <span class='ocrx_word' id='word_1_209' title='bbox 836 3272 1035 3344; x_wconf 85' lang='lat' dir='ltr'>huic</span> <span class='ocrx_word' id='word_1_210' title='bbox 1062 3280 1590 3348; x_wconf 84' lang='lat' dir='ltr'>commentario</span> <span class='ocrx_word' id='word_1_211' title='bbox 1637 3300 1905 3348; x_wconf 88' lang='lat' dir='ltr'>nomen</span> <span class='ocrx_word' id='word_1_212' title='bbox 1953 3287 2164 3346; x_wconf 78' lang='lat' dir='ltr'>tuum</span> <span class='ocrx_word' id='word_1_213' title='bbox 2208 3275 2617 3392; x_wconf 80' lang='lat' dir='ltr'>inscribere</span> 
     </span>
     <span class='ocr_line' id='line_1_27' title="bbox 309 3372 2171 3481; baseline 0.001 -33"><span class='ocrx_word' id='word_1_214' title='bbox 309 3372 540 3448; x_wconf 58' lang='lat' dir='ltr'>volui.</span> <span class='ocrx_word' id='word_1_215' title='bbox 648 3378 1044 3469; x_wconf 77' lang='lat' dir='ltr'>Genevae‚</span> <span class='ocrx_word' id='word_1_216' title='bbox 1098 3377 1447 3481; x_wconf 85' lang='lat' dir='ltr'>Calendis</span> <span class='ocrx_word' id='word_1_217' title='bbox 1481 3380 1713 3452; x_wconf 78' lang='lat' dir='ltr'>Iuliis.</span> <span class='ocrx_word' id='word_1_218' title='bbox 1790 3378 1900 3451; x_wconf 68' lang='lat' dir='ltr'>M·</span> <span class='ocrx_word' id='word_1_219' title='bbox 1936 3379 2039 3452; x_wconf 89' lang='lat' dir='ltr'>D.</span> <span class='ocrx_word' id='word_1_220' title='bbox 2076 3377 2171 3481; x_wconf 82' lang='lat' dir='ltr'>L.</span> 
     </span>
    </p>
   </div>
  </div>
 </body>
</html>
