2820 4895
720 293 857 361 an
883 229 1525 361 'uesanos‘
1561 290 1722 363 cn.
1756 295 1873 362 lx.
1969 326 1977 338 ,
2282 278 2475 371 2465*
2536 376 2537 381 Ν

138 444 282 535 cata
299 460 330 552 3'
372 448 678 533 see-'dado‘
701 442 953 551 'absque
981 447 1267 552 peccato
1292 466 1754 553 conspicietur
1781 467 1867 533 iis
1885 511 1908 545 ,
1961 471 2079 555 qui
2107 447 2262 553 euin
2300 492 2429 537 ex·
2506 446 2511 449 ⁷

130 563 447 643 spectant
476 554 545 616 in
584 549 888 615 salutem.
927 592 940 601 2
1042 564 1048 589 ¹
1250 551 1265 575 ‘
2268 570 2279 589 ι
2388 554 2391 559 ⁴

233 684 238 689 ·
270 667 359 720 24.
395 667 618 736 'Neque
648 666 799 718 enim
828 675 943 718 etc.
1009 663 1113 718 Est
1143 661 1617 718 confirmatio'su
1664 664 1876 721 erioris
1905 670 2282 725 sententiae.»
2309 671 2422 727 Lo-

134 744 351 809 quutus
376 744 507 805 erat
532 735 604 787 de
634 750 776 786 vero
806 733 1194 801 sanctuario,
1220 734 1339 786 hoc
1361 742 1475 798 est,
1512 750 1620 788 coe
1646 736 1789 798 esti3
1828 752 1993 790 nunc
2013 739 2177 805 addit
2193 779 2211 809 ,
2250 741 2425 799 Chri·

131 817 288 860 stum
316 804 472 855 illuc·
490 803 823 873 ingressum
854 820 1000 856 esse.
1088 801 1365 869 Undese
1409 801 1573 855 uitur
1614 805 1837 872 requiri
1879 805 2060 861 etiam
2104 809 2421 865 confirma-

131 872 396 936 tionem‚''
422 886 574 941 quae
597 882 912 941 congruat.
992 872 1212 924 sancta
1244 887 1349 940 pro
1424 870 1734 924 auctuario
1765 873 2006 943 accipit.
2080 878 2273 931 Vocat
2303 879 2421 934 non

125 942 567 1008 'manufactum,
614 942 773 1012 quod
795 941 953 994 inter
977 949 1277 993 creaturas
1295 938 1677 1012 ‘corruptioni
1708 943 1996 997 obnoxias
2031 938 2266 998 censeri
2296 952 2421 1011 non

129 1011 327 1063 debet.
410 1011 620 1079 Neque
644 1010 800 1081 enim
831 1011 1052 1063 coelum
1078 1007 1176 1060 hic'
1199 1007 1525 1077 intelligit,
1571 1010 1728 1090 quod
1759 1012 1950 1067 oculis
1979 1016 2307 1084 cernimus,
2359 1020 2421 1072 e't

127 1079 195 1132 in
223 1077 845 1149 quostellaallucenu
885 1078 984 1130 sed
1014 1076 1272 1148 gloriam
1302 1076 1472 1146 regni
1498 1079 1643 1139 Dei,
1681 1095 1834 1148 quae
1861 1080 2059 1134 coelos
2088 1099 2291 1138 omnes
2318 1102 2416 1140 su·

173 1156 322 1201 erat.
390 1148 807 1201 sanctuarium
835 1156 1005 1200 vetus
1035 1139 1342 1202 oirrczvnor
1368 1146 1526 1213 veri,
1559 1146 1676 1217 ho‘c
1705 1150 1813 1215 e‘st,
1852 1149 2188 1218 spiritualis
2213 1154 2419 1225 appel·
2475 1183 2482 1189 ·

127 1166 248 1283 fat,
302 1216 440 1286 quia
489 1226 770 1267 externae
820 1232 1021 1269 omnes
1070 1216 1303 1284 figurae
1346 1215 1512 1284 quasi
1550 1214 1614 1268 in
1658 1215 1900 1283 speculo
1943 1234 2008 1269 re
2052 1216 2416 1291 raesentant,

129 1286 288 1356 quod
315 1284 531 1354 alioqui
557 1285 662 1337 sub
689 1300 890 1337 sensus
918 1299 1242 1355 corporeos
1266 1300 1380 1336 non
1413 1284 1591 1337 cadit:
1655 1284 1877 1339 Eodem
1903 1303 2004 1339 ver
2048 1288 2082 1339 o
2112 1287 2419 1346 interdum
2473 1330 2477 1341 ,

128 1363 384 1411 utuntur
428 1353 754 1421 scriptores
782 1354 1037 1421 Graeci,
1090 1369 1275 1423 quum
1302 1352 1373 1404 de
1402 1352 1803 1406 Sacramentis
1830 1355 2049 1408 nostris
2081 1352 2415 1431 disputant,

130 1423 304 1492 idque
344 1422 496 1476 scite
539 1431 600 1473 et
637 1430 1071 1491 congruenter,
1123 1422 1264 1492 quia
1305 1438 1483 1473 omne
1527 1420 1974 1476 Sacramentum
2019 1424 2282 1485 visibilis
2326 1440 2416 1484 est

131 1502 334 1546 rerum
366 1489 761 1544 invisibilium
799 1491 1022 1560 imago.
1186 1493 1262 1544 Ut
1288 1506 1442 1542 nunc
1468 1502 1737 1558 apparet.
1774 1500 1792 1513 *¹
1822 1493 1924 1561 Sic
1950 1492 2097 1546 olim
2124 1496 2415 1552 sacerdo,

131 1560 427 1613 Leviticus
455 1551 662 1626 populi
692 1561 936 1613 nomine
965 1576 1027 1612 se
1052 1558 1113 1611 in
1130 1559 1246 1612 Dei
1275 1569 1661 1627 conspectum
1689 1562 1950 1626 sistebat,
1980 1562 2084 1614 sed
2103 1560 2411 1635 infigura3

129 1631 194 1681 in
212 1630 447 1681 Christo
478 1640 675 1681 autem
705 1628 1141 1687 solidaveritas
1171 1638 1232 1680 et
1258 1624 1471 1696 pl‘enus
1498 1628 1731 1694 figurae
1757 1629 2022 1682 effectus.
2077 1633 2227 1685 Arca
2255 1636 2414 1690 enim
2450 1654 2465 1669 ⁴
2504 1653 2511 1659 ·

129 1697 464 1767 symbolum
497 1707 622 1750 erat
646 1698 879 1750 divinae
907 1696 1305 1767 praesentiae;
1345 1706 1405 1748 at
1420 1696 1686 1750 Christus
1718 1715 1780 1750 se
1801 1698 1864 1750 in
1881 1699 1997 1751 Dei
2024 1712 2410 1771 conspectum

125 1782 271 1821 vere
299 1766 476 1819 offert
502 1783 569 1819 ac
599 1767 755 1819 sistit
781 1767 852 1818 ad
877 1767 1313 1833 impetrandam
1340 1762 1511 1818 nobis
1538 1766 1798 1833 gratiam
1819 1805 1836 1833 ,
1890 1762 1960 1819 ut
1992 1769 2114 1821 iam
2139 1772 2304 1825 nulla
2331 1774 2412 1827 sit

125 1853 336 1903 causa,
388 1852 495 1888 cur
535 1833 836 1904 fugiamus
872 1834 1133 1887 tribunal
1156 1835 1311 1903 Dei,
1363 1834 1468 1886 ubi
1498 1844 1618 1887 tam
1650 1834 1869 1889 bonum
1894 1836 2177 1892 habemus
2208 1850 2409 1908 patro-'

124 1923 299 1970 num,
323 1904 502 1958 'cuius
528 1904 642 1956 fide
672 1921 739 1957 ac
765 1904 960 1958 tutela
984 1904 1131 1957 salvi
1156 1920 1226 1971 ac
1251 1901 1370 1955 tuti
1396 1919 1614 1957 sumus.
1685 1904 1829 1956 Erat
1852 1905 2087 1975 quidem
2113 1909 2235 1961 iam
2264 1920 2410 1965 tunc

127 1974 448 2026 advocatus
471 1982 677 2025 noster
703 1968 975 2026 Christus
993 2010 1010 2039 ,
1050 1986 1232 2041 quum
1253 1970 1316 2023 in
1345 1970 1528 2023 terris
1546 1980 1756 2040 'ageret
1772 1988 1789 2037 ;
1832 1974 1935 2024 sed
1960 1974 2076 2028 hoc
2100 1984 2410 2044 praeterea
2452 2028 2457 2041 ,

122 2041 465 2094 infirmitati
508 2051 747 2094 nostrae
790 2058 1132 2094 concessum
1172 2049 1293 2107 est,
1344 2050 1412 2092 ut
1453 2041 1650 2105 coelos
1693 2040 2124 2098 conscenderet
2160 2048 2233 2099 ad
2269 2047 2407 2100 s'ub-

128 2110 389 2164 eundum
429 2108 672 2179 patroni
710 2118 958 2164 munus:
1007 2111 1103 2179 Ita
1139 2109 1372 2177 quoties
1413 2108 1485 2160 de
1524 2109 1653 2163 eius
1684 2109 1747 2162 in
1789 2113 2026 2165 coelum
2061 2126 2301 2177 ascensu
2336 2118 2409 2172 fit

126 2182 382 2247 mentio,
425 2180 601 2232 debet
638 2178 784 2233 haec
822 2177 1050 2232 utilitas
1087 2178 1262 2230 'nohis
1301 2177 1506 2241 venire
1533 2177 1596 2230 in
1626 2189 1916 2248 mentem,
1955 2181 2111 2251 quod
2139 2182 2270 2235 illic
2302 2203 2409 2239 co-

126 2266 253 2302 ram
281 2250 411 2301 Deo
444 2250 727 2318 apparet,
773 2258 841 2325 ut
878 2248 981 2300 nos
1026 2264 1133 2300 suo
1178 2245 1512 2314 patrocinio
1551 2246 1846 2303 defendat.
1917 2249 2114 2302 Stulte
2162 2256 2305 2323 ergo
2350 2266 2410 2309 et

125 2317 542 2386 intempestive
567 2333 600 2369 a
625 2316 973 2387 quibusdam
1000 2315 1331 2387 quaeritur,
1362 2332 1437 2368 an
1463 2332 1584 2368 non
1612 2332 1845 2386 semper
1872 2320 2238 2388 apparuerit,
2269 2321 2409 2391 quia

128 2387 503 2454 hicxtantum
543 2388 614 2439 de
652 2383 1074 2440 intercessione
1105 2386 1419 2456 Apostolus
1458 2382 1754 2455 disputat,
1796 2384 1964 2440 cuius
1998 2398 2174 2442 causa
2207 2390 2408 2444 edele-

129 2466 222 2510 ste
251 2458 659 2510 sanctuarium
682 2455 987 2525 ingressus
1022 2463 1134 2509 est.
1351 2513 1352 2516 ,
1541 2504 1549 2510 .
1758 2507 1761 2510 ,
1822 2523 1827 2526 ,
2180 2457 2183 2472 '
2398 2459 2413 2476 ·“

264 2527 349 2579 25.
422 2523 620 2594 Neque
655 2540 717 2577 ut
753 2544 929 2594 ‘saepe
972 2523 1204 2593 offerat.
1301 2521 1610 2595 Quomodo
1651 2523 1837 2593 igitur
1876 2521 2192 2594 Sacerdos,
2249 2527 2411 2585 dicet

129 2592 450 2664 quispiam,
505 2596 552 2645 si
593 2595 849 2646 abstinet
895 2611 929 2646 a
964 2591 1313 2646 sacrificiis?
1386 2593 1775 2660 Respondeo‚
1823 2593 1887 2644 in
1915 2594 2119 2647 officio
2147 2598 2245 2650 vel
2274 2615 2410 2668 per·

129 2680 273 2716 sona
302 2663 643 2719 Sacerdotis
669 2678 784 2713 non
810 2662 1040 2731 requiri
1074 2664 1418 2716 continuum
1442 2662 1815 2713 sacrificandi
1842 2663 2063 2716 actum.
2110 2668 2302 2721 :Nam
2347 2676 2410 2720 et

124 2733 187 2785 in
211 2734 371 2801 Lege
411 2731 746 2803 praecipuis
782 2730 1094 2796 sacrificiis
1122 2731 1266 2783 stati
1293 2741 1468 2783 erant
1495 2732 1812 2811 quotannis
1845 2731 2005 2795 dies3
2061 2735 2407 2803 quotidiana

125 2800 305 2854 etiam
335 2817 470 2853 suas
499 2800 679 2852 horas
711 2815 882 2853 mane
909 2809 969 2850 et
1000 2800 1232 2870 vesperi
1261 2810 1664 2869 praescriptas
1696 2795 2013 2852 habebant.
2087 2802 2282 2873 Quum
2310 2822 2411 2859 au.

123 2878 248 2923 tem
285 2869 524 2922 unicum
565 2869 715 2923 illud
760 2867 1147 2935 sacrificium,
1195 2867 1351 2938 quod
1377 2869 1560 2921 semel
1593 2868 1858 2921 Christus
1886 2868 2137 2937 obtulit,
2175 2890 2410 2942 semper

127 2939 347 3008 vigeat,
394 2940 659 3008 adeoque
687 2948 1043 3007 perpetuum
1071 2937 1172 3005 sit,
1212 2937 1368 3007 quod
1407 2938 1480 2988 ad
1507 2933 1867 3006 efficaciam:
1903 2954 2019 2989 non
2049 2938 2268 2994 mirum
2299 2942 2423 3023 esti

127 3005 180 3059 si
222 3005 347 3059 eius
387 3007 637 3074 virtute,
689 3017 839 3076 quae
879 3013 1187 3075 nunquam
1223 3005 1481 3073 excidit,
1532 3006 1816 3072 fulciatur
1843 3015 2152 3061 aeternum
2179 3010 2409 3063 Christi

124 3074 543 3129 sacerdotium.
581 3082 786 3146 ‘Atque
811 3073 914 3128 hic
941 3073 1345 3145 rursum'quid
1373 3083 1434 3127 et
1461 3074 1681 3144 quibus·
1701 3074 1762 3125 in
1784 3075 1962 3127 rebus
1991 3075 2219 3129 differat
2236 3078 2423 3131 chri-.

121 3154 245 3199 stus
275 3161 304 3194 a
331 3145 606 3197 Levitico
635 3144 989 3208 Sacerdote,
1025 3143 1301 3208 ostendit.
1355 3144 1479 3195 ¹De
1506 3142 1853 3196 Sanctuario
1892 3143 2015 3214 ‘itam
2060 3143 2283 3200 dict'um
2321 3156 2412 3200 est

119 3214 320 3283 prius;
363 3213 474 3282 *sed
504 3229 685 3286 unum
711 3213 1030 3267 discrimen
1058 3222 1230 3265 notat
1254 3213 1317 3263 in
1344 3209 1630 3264 sacrificii
1658 3212 1906 3282 genere,
1953 3211 2105 3283 quia
2120 3221 2181 3267 s'e
2211 3215 2411 3286 ipsum'

118 3282 423 3349 Christus,
467 3297 587 3335 non
614 3283 854 3336 brutum
885 3282 1138 3349 animal,
1193 3279 1523 3341 obtulerit}
1575 3280 1781 3333 deinde
1805 3279 2058 3335 alterum
2077 3321 2093 3349 ‚
2139 3284 2295 3354 quod
2319 3301 2408 3337 sa·

121 3350 428 3404 orificium
467 3351 583 3403 hoc
623 3368 742 3403 non
781 3360 1049 3419 repetat,
1088 3350 1584 3422 quemadmodum
1612 3350 1729 3402 sub
1747 3351 1906 3419 Lege
1933 3350 2215 3423 frequens
2243 3361 2409 3425 repte-
2490 3363 2497 3379 ¹

115 3418 447 3482 titiosuit,
488 3430 548 3471 et
573 3429 766 3489 prope
792 3420 1044 3471 assidua.
1126 3444 1130 3448 ·
1189 3427 1203 3437 “
1696 3479 1709 3490 κ
1748 3471 1753 3478 ,
1850 3431 1855 3436 ’
1956 3417 1963 3434 ⁵
2350 3421 2353 3424 ’

79 3507 84 3512 ·
135 3525 138 3528 -
259 3488 347 3539 26.
421 3489 658 3557 Alioqui
690 3490 1060 3557 oportuisset.
1142 3487 1463 3555 Ostendit,
1504 3496 1725 3557 quanta
1753 3497 2031 3555 sequatur
2057 3489 2407 3559 absurditas,

114 3555 168 3610 si
201 3559 321 3610 tion
355 3548 494 3609 satis
520 3557 845 3614 habeamus
874 3556 1106 3621 expiari
1134 3573 1250 3611 uno
1280 3556 1507 3609 Christi
1535 3555 1851 3613 sacrificio.
1926 3558 2068 3609 Inde
2098 3560 2251 3610 enim
2285 3557 2413 3611 sae-'

112 3626 257 3698 pius
305 3626 462 3678 mori
505 3628 839 3691 oportuisse
879 3624 1145 3693 colligit,
1196 3626 1337 3696 quia
1371 3640 1531 3677 mors
1567 3640 1704 3675 cum
1742 3622 2037 3677 sacrificio
2072 3644 2310 3696 semper
2338 3629 2410 3679 sit
2480 3637 2483 3642 ·

116 3697 463 3751 coniuncta.
533 3695 665 3746 Hoc
696 3705 895 3747 autem
925 3692 1220 3762 posterius
1254 3703 1341 3746 est
1367 3693 1875 3764 absurdissimum.
1938 3694 2216 3763 Sequitur
2245 3713 2412 3765 ergo,

112 3765 408 3817 virtutem
437 3763 612 3817 unius
639 3763 922 3815 sacrificii
948 3772 1251 3815 aeternam
1282 3779 1407 3815 esse
1425 3801 1442 3831 ,
1483 3762 1641 3814 et‘ad
1670 3763 1871 3813 omnia
1896 3765 2130 3817 saecula
2157 3766 2409 3818 extendi.

110 3835 289 3888 Dicit
325 3842 556 3886 autem:
615 3850 648 3881 a
688 3832 886 3883 mundi
928 3833 1186 3898 origine,
1243 3831 1378 3902 quia
1406 3831 1674 3883 omnibus
1708 3831 1952 3895 saeculis
1982 3833 2055 3883 ab*
2086 3832 2256 3899 initio
2283 3835 2410 3886 fue·

108 3911 263 3956 runt
304 3911 584 3970 peccata,
636 3914 787 3970 quae
826 3900 1161 3968 expiatione
1202 3899 1566 3969 indigebant.
1664 3899 1791 3962 Nisi
1829 3915 1974 3966 ergo
2015 3903 2159 3953 tunc
2201 3902 2447 3968 efficax‘

108 3973 335 4024 fuisset
367 3969 591 4022 Christi
634 3969 1023 4035 sacrificium,
1074 3981 1248 4021 nemo
1290 3985 1360 4020 ex
1400 3967 1677 4022 Patribus
1720 3969 1971 4021 salutem
2012 3981 2411 4040 consequutus
2520 4001 2587 4066 ff

113 4047 299 4092 esset.
373 4039 527 4090 Nam
554 4051 739 4107 quum
764 4037 892 4090 irae
908 4037 1025 4089 Dei
1056 4036 1289 4089 obnoxii
1317 4054 1427 4114 per
1452 4054 1513 4089 se
1544 4037 1788 4100 fuerint,
1818 4036 2111 4089 deficeret
2137 4057 2234 4091 eos
2263 4039 2411 4092 libe·

106 4105 368 4162 rati’onis
395 4106 723 4158 remedium
743 4145 757 4173 ,
798 4106 920 4158 nisi.
939 4106 1210 4159 Christus
1242 4106 1426 4159 semel
1454 4101 1749 4175 patiendo,
1786 4116 2071 4185 quantum
2098 4107 2168 4159 ad
2197 4124 2407 4176 recon-

113 4175 448 4229 c‘iliandam
487 4176 823 4228 hominibus
854 4174 965 4226 Dei
1008 4173 1300 4244 gratiam,
1354 4192 1388 4227 a
1419 4173 1626 4226 mundi
1656 4174 1890 4244 origine
1919 4192 2108 4242 usque
2139 4175 2199 4227 in
2226 4175 2408 4228 ‘finem

111 4257 329 4317 passus
371 4254 541 4302 esset.
626 4236 788 4313 Ergo
815 4244 924 4294 nisi
950 4242 1149 4312 plures
1175 4249 1399 4295 mortes
1424 4252 1836 4311 exspectamus
1856 4282 1874 4312 ,
1917 4243 2189 4312 contenti·
2228 4241 2411 4296 simus

109 4314 298 4367 unico
336 4311 654 4382 sacrificiq.
740 4311 930 4381 Atque
949 4312 1109 4382 ‘hine
1144 4320 1339 4380 patet,
1366 4315 1562 4380 'quam
1595 4309 1816 4364 frivola
1847 4310 1923 4363 sit
1953 4311 2256 4366 distinctio
2284 4312 2413 4380 illa,

111 4382 182 4434 in
220 4382 396 4434 cuius
424 4381 653 4450 argutia
681 4381 794 4434 sibi
821 4389 1140 4449 tantopere
1169 4379 1409 4447 placent
1437 4381 1742 4449 Papistae,
1796 4396 1975 4449 quum
2019 4377 2254 4447 dicunt}
2304 4381 2415 4432 im-

110 4449 514 4505 molationem
543 4450 765 4506 Christi
794 4449 859 4504 in
884 4463 1068 4503 eruce
1094 4447 1283 4504 fuisse
1312 4449 1705 4526 sanguineam
1728 4466 1751 4514 ς·
1799 4448 2190 4526 Missaeyero
2231 4450 2416 4502 sacri·
2498 4487 2507 4501 .

201 4519 570 4600 11·=f
1590 4520 1681 4616 so

719 4685 730 4714 x
799 4681 800 4686 ,

2558 232 2573 279 l
2666 302 2669 307 Α
