2820 4895
293 169 304 185 '
365 201 495 265 4⁷2
603 172 610 182 ’
1103 201 1213 265 m·
1278 150 1944 293 ‘seimonu-2„

371 383 575 423 omnes
608 383 743 435 suos
778 366 1039 425 Christus
1063 362 1479 439 prostraverit.
1543 368 1702 439 Ergo
1741 367 1790 423 si
1828 366 1976 421 fides
2015 375 2220 424 nostra
2261 364 2561 431 Christum
2608 365 2672 419 in

375 438 609 492 dextera
645 434 760 492 Dei
801 434 1100 492 sedentem
1183 443 1425 502 uaerat,
1485 445 1547 488 et
1581 437 1780 509 quieta
1821 440 2123 493 recumbat
2162 439 2222 493 i‘n
2265 438 2425 490 hanc
2463 437 2675 490 sessio·

373 522 541 563 nem:
580 509 821 562 tandem
841 509 1133 579 potiemur
1188 517 1357 571 ructu
1381 505 1552 561 huius
1587 509 1866 563 victoriae
1898 526 2051 579 una,
2070 514 2324 583 (inquam
2344 545 2364 575 ,
2404 525 2546 561 cum
2575 508 2677 558 ca-'

373 580 498 657 pite
528 578 764 647 nostro,
813 579 1144 650 profligatis
1174 576 1474 644 hostibus,
1530 578 1784 647 Satana,
1837 592 2080 648 peccato
2114 592 2176 635 et
2208 588 2403 632 morte
2440 587 2508 632 et
2551 587 2678 633 toto

377 649 596 705 mundo
623 650 813 719 carnis
843 651 1217 721 corruptione
1243 648 1406 702 exuti
1434 647 1946 721 triumphabimus.
2016 651 2023 659 ”

514 787 599 843 15.
677 784 1093 842 Tmen-oniam
1134 788 1325 847 naas.
1368 785 1649 857 Spiritus.
1732 787 1903 860 Quod
1942 772 2194 841 {enuntio
2232 785 2476 838 adducit
2512 783 2682 837 testi-

376 857 642 911 monium
669 859 985 924 Ieremias,
1024 874 1144 910 non
1174 857 1276 910 abs
1306 872 1409 922 re,
1446 873 1556 909 nec
1584 873 2005 927 supervacuum
2032 868 2137 912 est.
2203 858 2374 909 Prius
2403 857 2472 909 in
2504 854 2680 915 aliam

377 926 561 981 finem
602 926 835 997 citavit,
887 937 954 980 ut
980 928 1318 981 ostenderet
1342 927 1613 1010 abrogari
1646 929 1820 983 Vetus
1851 932 2292 987 Testamentum
2324 928 2683 999 oportuisse,

378 998 844 1119 Quandoquidem
871 1000 1098 1052 Novum
1133 996 1292 1050 aliud
1320 1013 1673 1069 promissum
1701 1011 1828 1055 erat
1919 999 2096 1069 idque
2139 999 2211 1050 ad
2251 997 2676 1067 corrigendam

432 1070 607 1121 eteris
640 1069 1057 1123 infirmitatem.
1128 1070 1303 1121 Nunc
1350 1066 1544 1120 autem
1585 1069 1700 1123 alio
1737 1088 1827 1125 res
1870 1069 1993 1125 icit.
2061 1068 2294 1138 Pugnat
2332 1071 2509 1119 enim
2556 1077 2683 1118 tan-

375 1145 507 1192 tum
529 1156 599 1192 ex
624 1135 725 1191 illo
757 1139 929 1191 verbo
949 1138 1392 1210 &Iniquitatum
1423 1157 1538 1190 non
1568 1142 1914 1193 recordabor
1932 1176 1950 1208 ,
1993 1154 2062 1190 ac
2087 1136 2224 1191 inde
2255 1138 2492 1207 colligit
2514 1174 2534 1203 ,
2561 1135 2686 1188 nul·

380 1208 506 1260 lum
549 1209 793 1279 amplius
838 1225 960 1261 esse
1000 1206 1280 1260 sacrificii
1318 1222 1525 1271 usum,
1576 1224 1755 1277 quum
1784 1209 1970 1261 deleta
1999 1209 2115 1281 sint
2145 1216 2408 1278 peccata.
2487 1205 2685 1259 Videri
2772 1218 2778 1239 ¹

290 1322 303 1331 .
382 1278 624 1361 quidem
660 1280 842 1350 possit
876 1278 1025 1331 haec
1057 1294 1262 1345 parum
1288 1277 1460 1329 firma
1489 1275 1697 1334 illatio.
1767 1281 1920 1333 Nam
1953 1295 2134 1350 quum
2160 1280 2303 1331 olim
2328 1279 2685 1329 innumerae

382 1358 676 1402 exstarent
706 1350 765 1403 in
791 1351 944 1418 Lege
972 1357 1028 1400 et
1045 1348 1349 1418 Prophetis
1384 1347 1453 1399 de
1481 1359 1856 1416 peccatorum
1879 1349 2216 1402 remissione
2243 1345 2684 1420 promissiones,

221 1436 230 1459 ι
261 1404 282 1417 ”
321 1455 335 1483 ,
357 1482 360 1489 ᾗ
386 1418 652 1485 victimas
690 1427 886 1485 tamen
929 1424 1032 1489 pro
1066 1419 1180 1474 illis
1223 1419 1437 1470 offerre
1466 1434 1583 1471 non
1609 1418 1911 1474 desinebat
1936 1420 2223 1473 Ecclesia.
2292 1417 2568 1471 Proinde
2598 1435 2686 1469 re·

382 1489 576 1541 missio
604 1499 983 1561 peccatorum
1023 1488 1314 1542 sacrificia
1348 1505 1469 1539 non
1513 1489 1802 1545 excludit..
1856 1491 2070 1545 ,Verum
2100 1491 2150 1543 si
2180 1485 2417 1559 singula
2444 1489 2684 1557 propius

383 1560 749 1629 consideres,
799 1558 1100 1612 habebant
1138 1554 1542 1612 etiam'Patres
1570 1563 1674 1612 sub
1706 1563 1860 1629 Lege
1886 1561 2148 1629 easdem,
2200 1576 2344 1628 quas
2371 1558 2557 1610 hodie
2588 1559 2684 1629 ha-

378 1629 617 1699 bemus,
659 1631 730 1683 de
754 1639 1129 1699 peccatorum
1157 1629 1500 1689 remissione
1527 1631 1958 1698 promissiones.
2025 1629 2152 1683 Illis
2183 1631 2327 1682 freti
2358 1631 2568 1699 Deum
2593 1629 2676 1680 in·

382 1702 671 1753 vocabant
689 1738 708 1769 ,
746 1711 805 1752 et
830 1702 914 1751 dez
931 1701 1236 1768 impetrata
1270 1698 1439 1751 venia
1460 1697 1878 1768 gloriabantur.
1946 1699 2126 1770 Atqui
2143 1699 2441 1768 Propheta
2460 1737 2481 1768 ,
2526 1697 2682 1769 quasi

386 1787 603 1824 novum
647 1770 926 1840 quiddam
976 1781 1035 1821 et
1081 1770 1242 1840 prius
1280 1768 1613 1823 inauditum
1652 1773 1911 1834 adferat,
1971 1772 2258 1838 promittit
2295 1769 2544 1822 nullam
2588 1768 2678 1821 sub

386 1858 540 1894 novo
567 1840 804 1894 foedere
841 1847 1215 1910 peccatorum
1242 1840 1370 1892 fore
1397 1842 1741 1894 memoriam
1772 1857 1969 1893 coram
1990 1843 2142 1895 Deo.
2211 1840 2371 1892 Hinc
2404 1841 2682 1910 colligere

382 1910 555 1980 licet,
581 1908 822 1964 ‘diverso
849 1910 1024 1962 modo
1054 1926 1211 1963 nunc
1237 1909 1460 1962 remitti
1484 1920 1745 1992 peccata.
1762 1928 1936 1980 quam
1966 1912 2125 1967 olim.
2192 1912 2358 1964 Haec
2389 1927 2585 1979 porro
2613 1910 2680 1961 di·

385 1984 627 2036 versitas
655 1997 774 2035 non
805 1981 865 2033 in
895 1981 1067 2032 verbo
1095 1981 1286 2034 necin
1314 1980 1431 2032 fide
1461 1991 1571 2034 sita
1597 1993 1737 2049 est„
1766 1981 1866 2034 sed
1905 1980 1968 2034 in
2005 1982 2133 2052 ipso
2161 1982 2354 2049 pretio
2386 1980 2673 2033 remissio-
2776 1984 2777 1999 ³

383 2052 496 2107 nis.
564 2054 734 2110 Nunc
762 2058 1304 2122 ergo-peccatorum
1332 2053 1492 2114 Deus
1522 2051 2050 2120 nonnoni-datur,
2104 2050 2244 2121 quia
2285 2053 2578 2115 omnium
2614 2066 2668 2103 ss·

389 2122 505 2191 mel
529 2123 688 2175 facta
715 2132 802 2174 est
830 2123 1101 2190 expiatio.
1176 2121 1407 2191 Alioqui
1436 2121 1651 2180 frustra
1680 2123 1966 2175 diceretur
1990 2139 2028 2175 a
2051 2121 2341 2190 Propheta
2358 2158 2379 2189 ,
2419 2122 2567 2174 fore
2589 2121 2673 2173 hos

388 2186 539 2247 Novi
567 2189 925 2245 Testamenti
966 2189 1355 2257 heneficium,
1409 2193 1562 2259 quod
1588 2195 1745 2245 Deus
1771 2202 2146 2263 peccatorum
2188 2208 2306 2244 non
2344 2190 2683 2245 recordabi-

387 2260 503 2318 tur.
570 2264 752 2315 Porro
785 2262 1017 2332 quando
1051 2262 1124 2314 ad
1158 2261 1335 2313 finem
1370 2260 1780 2331 disputationis
1813 2272 2049 2315 ventum
2079 2270 2198 2329 est,
2247 2277 2403 2331 quae
2443 2262 2558 2315 hic
2592 2261 2683 2313 ha-

388 2333 510 2385 bita
543 2342 630 2384 est
654 2333 726 2386 de
753 2333 1079 2385 sacerdotio
1103 2330 1353 2389 Christi:
1400 2332 1658 2384 breviter
1688 2334 2045 2395 admonendi
2077 2342 2211 2393 sunt
2236 2333 2507 2385 lectores
2526 2370 2545 2399 ,
2586 2347 2686 2383 non

374 2398 569 2473 'magis
593 2403 693 2457 hic
722 2403 986 2473 abrogari
1014 2402 1181 2472 Legis
1210 2401 1535 2471 sacrificia,
1573 2420 1746 2474 quam
1776 2405 2146 2473 Papistarum
2177 2402 2687 2456 commentum‘de

386 2474 680 2527 sacrificio
712 2475 928 2528 Missae
951 2472 1223 2527 refutari.
1292 2474 1540 2528 Missam
1566 2491 1732 2528 suam
1758 2473 2025 2532 asserunt
2051 2474 2579 2530 sacrificium‘esse
2604 2488 2690 2525 ex·

369 2545 616 2622 piandis
647 2545 909 2597 vivorum
941 2553 1000 2597 et
1028 2554 1394 2596 mortuorum
1426 2547 1716 2613 peccatis;
1767 2544 2071 2614 Apostolus
2111 2546 2231 2602 iam
2268 2545 2590 2597 ,sacrificio
2614 2543 2690 2598 lo·

388 2632 520 2668 cum
552 2632 673 2668 esse
699 2624 908 2684 negat,
956 2630 1025 2665 ex
1052 2630 1166 2683 quo
1193 2609 1495 2682 impletum
1526 2625 1613 2667 est
1641 2616 1928 2668 Ieremiae
1956 2616 2316 2683 vaticinium.
2370 2614 2690 2667 “Cavillan·

337 2709 352 2718 κ
386 2695 485 2738 tur
509 2684 629 2751 illi,
680 2701 798 2736 non
835 2701 958 2736 esse
990 2701 1202 2736 novum
1230 2693 1331 2737 aut
1363 2684 1524 2737 aliud
1550 2702 1584 2736 a
1616 2685 1835 2738 Christi
1861 2685 2181 2752 sacrificio,
2232 2685 2332 2738 sed
2360 2683 2555 2738 idem.
2629 2686 2694 2735 At

397 2756 467 2808 e'x
498 2755 738 2808 adverso
782 2754 1084 2812 contendit
1112 2754 1449 2823 Apostolus,
1499 2756 1885 2825 idem-repeti
1912 2755 2304 2823 nondebere3
2353 2771 2474 2806 nec
2514 2757 2697 2810 unum

389 2826 622 2887 Ghristi2
651 2824 1006 2897 sacrificium
1058 2825 1229 2877 modo
1274 2828 1650 2895 pronuntiat,
1711 2826 1815 2879 sed
1864 2824 2045 2881 semel
2096 2834 2422 2894 peractum.
2512 2824 2695 2888 Adde,

392 2897 553 2967 quod
590 2898 816 2965 saepius
859 2896 962 2948 uni
993 2894 1222 2947 Christo
1262 2897 1524 2954 vindicat
1565 2895 1851 2956 honorem
1893 2895 2242 2962 sacerdotii,
2294 2904 2358 2947 ut
2404 2910 2597 2946 nemo
2625 2894 2696 2946 ad

391 2985 524 3018 eum
543 2966 913 3019 offerendum
939 2965 1015 3018 sit
1044 2964 1289 3018 idoneus
1322 2968 1436 3020 nisi
1477 2965 1635 3022 solus⁴
1668 2968 1815 3037 ipse.
1890 2968 2063 3021 Aliud
2101 2965 2382 3036 effugium
2414 2965 2695 3033 Papistae

386 3037 654 3114 habent,-
691 3053 869 3108 quum
898 3030 1598 3106 sacrificium-&vulpam
1630 3036 1977 3108 appellant„
2023 3031 2194 3106 Atqui
2227 3035 2543 3104 Apostolus
2577 3035 2699 3086 sine

390 3109 729 3177 exceptione
771 3106 1060 3173 affirmat,
1109 3115 1300 3158 morte
1326 3123 1470 3176 opus
1499 3123 1622 3159 esse
1659 3109 1729 3160 ad
1765 3106 2138 3162 sacrificium.
2204 3103 2698 3173 Tergiversantur

389 3180 569 3231 etiam
601 3177 871 3246 Papistae
889 3218 904 3238 ‚
953 3177 1091 3229 dum
1119 3176 1418 3245 excipiunt
1443 3178 1686 3232 Missam
1714 3178 1881 3231 unius
1910 3177 2223 3245 sacrificii,
2268 3174 2427 3246 quod
2461 3174 2700 3243 peregit

393 3248 688 3310 Christus,
740 3247 1197 3316 applicationem
1241 3263 1383 3300 esse.
1472 3250 1648 3317 Atqui
1693 3247 1997 3316 Apostolus
2043 3257 2249 3300 contra
2292 3247 2507 3309 docet,
2567 3245 2699 3296 ideo

386 3329 580 3372 morte
614 3316 827 3371 Christi
873 3305 1093 3369 abolita
1138 3316 1315 3369 fuisse
1355 3317 1528 3389 Legis
1569 3318 1893 3385 sacrificia,
1942 3319 2098 3388 quod
2124 3318 2267 3383 ,illic
2312 3324 2701 3383 peccatorum
2776 3353 2777 3366 ,

388 3383 707 3442 recordatio
733 3388 931 3442 fiebat.
1003 3386 1167 3438 Unde
1194 3395 1470 3457 apparet,
1503 3404 1682 3456 genus
1707 3388 1822 3442 hoc
1840 3389 2185 3456 applicandi
2205 3426 2222 3454 ‚
2258 3387 2414 3454 quod
2447 3383 2568 3437 sibi
2592 3385 2700 3437 fin-

389 3469 566 3531 gunt,
615 3475 885 3511 cessasse.
953 3457 1253 3525 Denique,
1304 3467 1370 3509 ut
1390 3463 1470 3512 sse
1508 3460 1577 3509 'in
1619 3475 1818 3511 omnes
1858 3460 2081 3511 formas
2125 3466 2355 3510 vertant
2395 3458 2697 3524 Papistae,

390 3531 544 3584 elabi
584 3544 886 3599 nunquam
923 3535 1234 3596 poterunt,
1287 3528 1427 3598 quin
1472 3544 1747 3595 praesens
1773 3530 2036 3598 Apostoli
2078 3529 2390 3597 disputatio
2439 3527 2699 3578 Missam

390 3602 651 3671 ipsorum
690 3599 957 3670 pluribus
996 3608 1219 3658 scatere
1259 3597 1591 3665 sacrilegiis
1632 3599 1867 3666 planum
1908 3599 2114 3653 faciat.
2195 3598 2458 3656 Primum
2526 3596 2702 3660 enim,

383 3670 839 3741 teste⁴Apostolo
857 3706 875 3735 ,
912 3683 1056 3720 unus
1084 3663 1345 3722 Christus
1375 3668 1452 3720 ad
1478 3684 1540 3720 se
1569 3670 1928 3724 offerendum
1957 3670 2200 3723 idoneus
2227 3668 2372 3729 fuit;
2414 3666 2478 3717 in
2508 3667 2699 3718 Missa

390 3759 496 3812 per
530 3742 749 3796 alienas
786 3755 990 3792 manus
1020 3737 1285 3798 offertur.
1357 3737 1659 3807 Secundo,
1707 3741 1825 3791 non
1857 3741 2102 3794 unicum
2129 3740 2302 3792 modo
2336 3735 2700 3789 sacrificium

393 3812 608 3872 Christi
633 3810 938 3879 *Apostolus
978 3808 1219 3874 asserit,
1268 3807 1375 3862 sed
1396 3811 1630 3862 nonnisi
1657 3810 1839 3862 semel
1874 3820 2213 3878 peractum,
2261 3815 2328 3861 ut
2368 3807 2595 3861 iterari
2628 3806 2701 3857 sit

389 3882 591 3944 nefas3
627 3882 687 3932 in
718 3880 901 3934 Missa
929 3873 1224 3948 utcunque
1250 3877 1410 3929 idem
1437 3880 1793 3936 sacrificium
1824 3897 1948 3932 esse
1972 3878 2268 3950 garriant,
2318 3885 2532 3928 tamen
2560 3891 2700 3947 quo-

390 3953 536 4007 tidie
576 3950 708 4003 fieri
746 3958 1021 4017 apparet,
1072 3958 1132 4000 et
1172 3948 1282 4015 ipsi
1313 3948 1598 4003 fatentur.
1669 3950 1970 4017 Apostolus
2001 3950 2230 4004 nullum
2254 3948 2377 4001 sine
2409 3947 2700 4016 sanguine

391 4032 453 4076 et
480 4029 668 4073 morte
696 4018 1048 4071 sacrificium
1074 4019 1365 4087 agnoscit:
1412 4016 1513 4072 isti
1541 4036 1677 4088 ergo
1701 4020 1919 4080 frustra
1946 4028 2242 4090 nugantur
2259 4017 2699 4083 „sacrificiuuu

395 4094 549 4163 quod
590 4091 874 4155 offerunt,
938 4104 1060 4140 esse
1103 4090 1497 4142 incruentum.
1588 4089 1931 4159 Apostolus,
1998 4106 2189 4161 quum.
2222 4089 2291 4139 de
2325 4086 2702 4155 impetranda

389 4167 767 4234 peccatorum
812 4158 978 4210 venia
1023 4148 1276 4227 agitur,¹
1303 4159 1621 4229 confugere
1653 4176 1758 4212 nos
1785 4160 1948 4221 iubet
1977 4162 2051 4214 ad
2078 4176 2260 4213 unum
2285 4156 2441 4209 illud
2470 4156 2699 4209 sacrifi-

391 4235 544 4290 cium
568 4271 583 4300 ,
638 4246 753 4300 quo
786 4228 1093 4286 defunctus
1127 4227 1503 4290 estChristus
1533 4228 1594 4280 in
1628 4246 1840 4296 cruce3
1874 4240 1958 4283 et
1978 4248 2089 4285 nos
2112 4230 2225 4283 hac
2249 4237 2394 4284 nota
2426 4226 2700 4279 discerniss

394 4320 431 4356 a
456 4302 724 4358 Patribus
742 4337 758 4365 ,
815 4298 968 4368 quod
1003 4299 1264 4351 assiduus
1292 4299 1665 4353 sacrificandi
1691 4300 1837 4352 ritus
1871 4301 2089 4360 Christi
2117 4296 2369 4353 adventu
2398 4297 2699 4354 obsolevit

359 4365 370 4370 ’
396 4375 534 4441 lati,
573 4381 820 4444 utmors
857 4367 1075 4421 Christi
1102 4369 1263 4424 nobis
1293 4370 1373 4424 sit
1401 4369 1637 4442 efficax,
1678 4370 2050 4444 quotidianas
2076 4388 2183 4444 par
2210 4367 2581 4425 sacrificium
2609 4382 2701 4437 ap·
