2820 4895
1686 138 1713 164 N

231 320 236 329 .
324 255 337 301 ¹
393 220 400 223 ’
642 260 786 335 An
849 261 1423 333 namanes
1500 260 1663 331 cir.
1708 263 1796 331 x.
2234 269 2373 334 479

94 435 205 489 alia
244 441 327 488 est
355 430 573 489 Clu-isti
612 427 896 501 dignitas,
943 447 1120 501 quam
1148 433 1351 489 Mosis.
1424 431 1625 499 Adde,
1668 431 1843 504 quoa
1866 447 1989 489 non
2022 432 2371 504 simplicitas

94 506 453 574 Evangelium
482 502 653 572 Legi,
691 502 795 554 sed
821 501 1040 555 Christi
1069 512 1126 556 et
1158 504 1409 572 Spiritus
1434 505 1624 557 sancti
1650 512 1997 573 personam,
2032 506 2205 558 unius
2224 508 2364 561 Μο-

94 578 163 630 sis
198 590 464 643 personae
502 572 766 642 opponit.
907 570 1265 639 Sanguinem
1312 573 1686 628 Testamenti.
1761 576 2218 644 Comparatione
2257 578 2368 637 hoq
2400 629 2404 636 ,

94 643 412 711 neficiorum
453 641 931 713 ingratitudinem
975 653 1165 710 auget.
1250 643 1431 694 Valde
1469 642 1776 713 indignum
1825 653 1946 712 est,
2015 647 2367 714 sanguinem

94 716 327 782 Christi,
362 713 461 786 qui
480 709 974 773 sanctificationis
1001 722 1237 764 nostrae
1263 714 1518 765 materia
1543 724 1664 779 est,
1698 715 2043 782 profanare;
2081 714 2365 775 hoc-vero

94 786 326 851 faciunt,
383 783 481 854 qui
521 783 847 836 desciscunt
884 797 922 832 a
955 779 1092 834 fide.
1143 782 1313 834 ‚Nam
1354 781 1502 835 fides
1542 792 1744 835 nostra
1770 801 1890 837 non
1921 785 1986 838 in
2013 787 2231 839 nudam
2259 786 2366 842 do·-

94 857 323 909 ctrinam
364 852 633 921 respicit,
698 851 800 905 ssd
848 848 913 901 in
959 850 1336 921 sanguinem,
1396 852 1780 923 quopsanc-ita
1817 865 1905 908 est
1952 864 2153 908 nostra
2190 858 2365 918 salua>

94 927 218 979 [deo
247 928 408 977 vocat
438 922 791 992 Sanguinem
820 920 1212 986 Testamenti,
1251 923 1388 992 quia
1414 930 1554 975 tunc
1580 922 1814 978 demum
1841 933 2004 979 ratae
2032 935 2167 979 sunt
2184 927 2365 984 nobis

94 995 513 1065 promissiones,
552 1010 729 1061 quum
763 990 991 1044 accedit
1017 990 1225 1059 pignus
1256 990 1419 1046 illud.
1492 993 1607 1047 Sed
1635 996 1872 1047 modum
1901 995 2366 1059 confirmationis

94 1076 279 1133 notat,
328 1080 503 1136 quum
547 1063 690 1115 dicit
729 1077 836 1113 nos
872 1058 1302 1127 sanctificatos,
1357 1060 1499 1144 quia
1525 1061 1676 1116 nihil
1706 1063 2007 1134 prodesset
2030 1065 2191 1125 fusus
2220 1084 2362 1121 san-

94 1138 233 1206 guis,
269 1137 377 1188 nisi
401 1150 506 1186 nos
535 1150 641 1202 per
668 1131 1258 1205 Spiritumsan'ctuml
1274 1146 1342 1183 eo
1375 1132 1783 1202 irrigaremur:
1836 1135 1991 1189 unde
2019 1145 2080 1188 et
2103 1137 2366 1205 expiatio

94 1217 141 1259 st
179 1207 465 1258 sanctitas.
536 1202 723 1257 Simul
758 1210 963 1257 tamen
1001 1201 1207 1253 alludit
1236 1202 1541 1270 Apostolus
1582 1203 1658 1267 ad
1688 1212 1944 1258 veterem
1970 1205 2368 1275 adspersionis

94 1277 283 1344 ritum,
335 1273 433 1347 qui
459 1270 531 1324 ad
563 1288 756 1325 veram
780 1269 1308 1327 sanctificationem
1348 1288 1469 1325 non
1509 1268 1770 1342 valebat,
1827 1274 1930 1328 sed
1963 1275 2088 1339 eius
2125 1282 2364 1333 tantum

94 1347 284 1399 umbra
308 1356 429 1398 erat
452 1340 544 1394 vel
574 1343 787 1412 imago.
841 1363 851 1381 ’
928 1338 1215 1404 Spiritum
1256 1344 1513 1409 gratias.
1579 1341 1863 1413 Spiritum
1909 1347 2139 1414 gratiae
2178 1357 2363 1403 ,vocat

94 1417 150 1469 sb
182 1416 414 1481 effectu,
459 1428 560 1481 per
590 1429 765 1498 quem
797 1417 857 1463 et
880 1411 1041 1463 cuius
1061 1410 1282 1467 [virtute
1312 1411 1572 1464 oblatam
1598 1414 1662 1465 in
1683 1404 1909 1468 Christo
1935 1417 2195 1485 gratiam
2223 1436 2362 1486 per-

94 1486 330 1553 :ipimus'.
375 1484 559 1537 “Nam
608 1500 658 1536 is
704 1491 826 1548 est,
932 1480 990 1534 ui
1042 1479 1161 1533 fide
1208 1490 1435 1534 mentes
1481 1493 1712 1537 nostras
1755 1484 2043 1555 illustrat,
2110 1488 2210 1557 qui
2242 1489 2361 1547 Dei

94 1557 446 1625 idoptionem¹
469 1553 735 1623 obsignat
763 1551 917 1603 cordi
963 1567 1024 1602 us
1052 1552 1291 1618 nostris,
1331 1554 1435 1622 qui
1458 1552 1566 1605 no's
1591 1566 1899 1623 regenerat
1921 1557 1985 1607 in
2014 1553 2162 1609 vitae
2191 1559 2377 1612 ηονί·

94 1634 284 1694 :atem,
330 1623 426 1696 qui
449 1640 552 1674 nos
579 1625 639 1675 in
669 1621 886 1676 Christi
916 1636 1123 1688 corpus
1148 1619 1389 1687 inserit,
1441 1632 1508 1674 ut
1532 1623 1691 1676 vivat
1718 1626 1781 1677 in
1809 1625 2019 1693 nobis,'
2064 1636 2128 1678 ut
2158 1644 2265 1691 nos
2289 1631 2359 1684 in

95 1702 221 1766 pso.
285 1693 494 1748 Merito
522 1693 715 1764 itaque
741 1692 986 1762 Spiritus
1011 1693 1235 1761 gratiae
1276 1690 1637 1761 appellatur,
1687 1711 1794 1763 per
1833 1712 2006 1765 quem
2045 1704 2248 1751 noster
2282 1699 2358 1753 fis

94 1766 324 1820 {hristus
364 1781 495 1817 cum
535 1763 805 1817 omnibus
834 1763 953 1815 suis
982 1761 1170 1837 bopis.
1241 1761 1416 1814 Hunc
1440 1779 1575 1815 vero
1600 1766 1959 1818 ‚contumelia
1993 1764 2261 1834 afficere,'
2317 1786 2357 1826 a

94 1854 181 1906 [uo
211 1846 292 1887 tot
319 1835 608 1902 tantisque
638 1831 938 1885 beneficiis
966 1831 1160 1883 affecti
1190 1847 1420 1898 sumus,
1454 1833 1633 1888 nimis
1665 1834 1913 1888 scelesta
1945 1848 2031 1887 est
2056 1838 2351 1907 impietas.

94 1908 219 1959 linc
244 1907 474 1977 collige,
512 1905 572 1955 in
603 1903 883 1974 Spiritum
904 1901 1018 1955 Dei
1043 1900 1506 1959 contumeliosos,
1526 1921 1650 1957 esse
1679 1922 1915 1972 omnes,
2020 1909 2075 1958 ui
2100 1909 2352 1975 gratiam

99 1977 209 2041 ius,
247 1993 357 2046 qua
384 1974 583 2027 donati
609 1976 806 2037 erant‚'
837 1979 1042 2040 sponte
1067 1970 1337 2025 inutilem
1361 1971 1634 2026 reddunt.
1708 1976 1900 2058 Quare
1922 1975 1983 2026 ni
2035 1974 2074 2027 ‘l
2105 1977 2349 2049 mirum,

94 2048 109 2099 i
144 2045 417 2109 eiusmodi
448 2043 755 2113 sacrilegia
779 2044 934 2097 Deus
966 2052 1090 2095 tam,
1122 2041 1342 2095 acriter
1369 2042 1662 2106 vindicem
1700 2044 1850 2097 nihil
1876 2046 2087 2099 mirum
2106 2085 2123 2114 ,
2154 2050 2222 2103 ‚si
2254 2051 2354 2105 in—

96 2115 410 2169 xorabilem
440 2131 503 2165 se
545 2113 617 2167 iis
654 2113 986 2185 praebeat,.
1017 2111 1116 2182 qui
1147 2111 1440 2165 Christum
1473 2112 1858 2175 mediatorem
1883 2115 2125 2183 pedibus
2153 2119 2352 2172 calca-

98 2194 236 2254 unt,
284 2186 381 2254 qui
412 2184 564 2236 solus
594 2201 724 2237 eum
756 2181 926 2236 nobis
960 2189 1195 2243 exorat3
1245 2197 1364 2233 non
1392 2181 1643 2250 mirum,
1692 2184 1741 2236 si
1767 2185 1922 2238 viam
1947 2186 2150 2243 salutis
2178 2206 2353 2259 prae-7

94 2258 254 2310 ludat
278 2256 378 2323 iis,
421 2254 519 2323 qui
544 2255 779 2308 unicum
808 2252 1017 2306 ducem
1049 2250 1330 2320 Spiritum
1358 2263 1620 2307 sanctum
1644 2254 2004 2322 repulerunt.
2280 2254 2307 2305 f

201 2324 285 2381 30.
356 2326 641 2377 Novimus
668 2325 850 2389 mim,
903 2323 1242 2393 quisdicat.
1305 2323 1573 2393 ,Uterque
1600 2324 1760 2376 locus
1792 2340 1860 2376 ex
1885 2325 2060 2379 Deut.
2097 2325 2381 2398 capsssssr'

94 2394 143 2451 5.
184 2403 440 2464 sumptus
490 2402 593 2447 est.
669 2395 864 2464 Quum
907 2401 1102 2444 autem
1144 2390 1269 2444 illic
1298 2392 1494 2444 Moses
1517 2395 1713 2446 Deum
1753 2393 1947 2447 illatas
1988 2397 2201 2465 populo
2242 2414 2348 2453 suo

94 2466 295 2519 niurias
334 2462 591 2519 ulturum
633 2466 966 2534 promittat,
1020 2460 1247 2516 videtur
1284 2463 1602 2533 improprie
1645 2482 1713 2518 ac
1754 2466 2038 2519 violenter
2073 2464 2187 2518 huc
2225 2478 2351 2520 tor·-

96 2536 256 2603 neri,
306 2536 460 2605 quod
490 2532 779 2587 'meminit
823 2535 894 2587 de
936 2533 1211 2585 vindicta.
1286 2533 1440 2604 Quid
1472 2535 1629 2592 enim
1654 2552 1812 2596 nunc
1851 2535 1973 2605 agit
1999 2537 2348 2603 Apostolus?

97 2623 264 2675 empe
306 2622 508 2658 eorum
549 2605 915 2676 impietatem
959 2619 1077 2654 non
1120 2603 1248 2656 fore
1288 2604 1675 2671 impunitam,
1725 2605 1826 2675 qui
1866 2608 1992 2660 Deo
2032 2603 2344 2666 illuserint.

96 2678 134 2738 :t
149 2675 355 2728 Paulus
384 2677 458 2730 ad
474 2678 643 2730 Rom.
662 2675 746 2743 12,
771 2674 853 2739 19.
874 2711 891 2741 ,
920 2674 1229 2740 genuinam
1255 2671 1369 2726 loci
1395 2672 2149 2749 intelligentiamsequutus
2172 2719 2190 2746 ,
2225 2679 2346 2733 alio

96 2747 475 2798 :commodam
547 2746 698 2796 Nam
739 2745 880 2798 dum
921 2743 1041 2794 vult
1081 2743 1153 2794 ad
1198 2744 1545 2811 patientiam
1582 2761 1686 2797 nos
1724 2744 1987 2815 hortari,
2033 2747 2230 2817 iubet,
2281 2758 2349 2804 ut

104 2834 174 2868 eo
202 2816 389 2869 locum
415 2817 616 2876 demus,
640 2813 713 2866 ad
742 2811 1060 2868 vindictam
1095 2814 1437 2867 sumendam
1455 2852 1472 2880 ,
1514 2816 1649 2884 quia
1676 2815 1788 2867 hae
1816 2815 1932 2870 sint
1961 2805 2083 2870 eius
2110 2829 2305 2888 partes
2321 2836 2349 2885 ς’

96 2903 222 2955 :que
255 2887 315 2938 id
349 2887 559 2955 probat
589 2884 701 2936 hoc
732 2885 916 2938 Mosis
947 2882 1304 2936 testimonio.
1356 2886 1594 2937 „Verum
1631 2884 1781 2944 nihil
1819 2887 2011 2939 obstat
2032 2924 2050 2953 ,
2103 2887 2345 2958 quomi-

96 2973 151 3006 us
181 2956 460 3024 speciales
491 2955 806 3008 sententias
836 2952 1255 3009 transferamus
1279 2952 1354 3007 ad
1380 2954 1708 3009 doctrinam
1739 2955 2150 3011 universalem.
2220 2961 2355 3026 'Pa-³

101 3028 212 3077 etsi
241 3043 382 3095 ergo
417 3024 722 3080 consilium
749 3024 928 3077 Mosis
960 3032 1047 3074 est
1072 3020 1273 3077 fideles
1304 3025 1627 3093 consolari,
1684 3027 1821 3097 q‘uia
1851 3028 2043 3081 Deum
2083 3027 2353 3092 habituri

96 3104 157 3146 nt
183 3096 529 3156 iniuriarum
554 3111 791 3147 suarum
818 3092 1137 3148 vindicems
1191 3102 1390 3147 tamen
1418 3112 1489 3147 ex
1517 3096 1638 3149 eius
1665 3096 1856 3163 verbis
1884 3097 2158 3166 colligere
2188 3117 2343 3152 sem-

96 3183 141 3217 er
172 3165 350 3230 licet,
387 3167 685 3235 proprium
700 3163 812 3219 Dei
843 3161 1100 3217 officium
1125 3179 1283 3229 esse,
1322 3180 1540 3231 poenas
1573 3169 1801 3220 sumere
1833 3168 1903 3220 de
1932 3166 2146 3237 impiis.
2211 3171 2338 3223 Nec

96 3254 156 3287 us
189 3238 530 3289 testimonio
570 3235 863 3303 abutitur,
913 3234 1012 3303 qui
1036 3233 1170 3286 inde
1200 3235 1446 3303 probat,
1501 3252 1618 3289 non
1655 3235 2006 3307 impunitum
2037 3239 2165 3291 fore
2195 3257 2340 3291 con-

96 3315 324 3374 mptum
350 3306 494 3373 Dei,
533 3308 680 3377 ,quia
710 3306 835 3375 ipse
876 3305 1060 3357 iustus
1094 3305 1174 3357 sit
1208 3305 1417 3372 iudex,
1471 3306 1572 3375 qui
1607 3322 1816 3377 munus
1855 3309 2188 3362 vindicandi
2226 3309 2339 3362 sibi

96 3385 297 3442 serat,
347 3392 684 3447 quanquam
721 3384 913 3444 posset
953 3373 1053 3426 hic
1092 3375 1272 3426 etiam
1312 3377 1619 3444 Apostolus
1648 3379 1998 3432 ’ratiocinari
2044 3395 2078 3431 a
2120 3380 2338 3433 minori

141 3447 338 3498 maius
355 3483 371 3510 ‚
426 3447 541 3498 hoc
568 3447 775 3502 modo:
819 3446 981 3497 Deus
1007 3459 1066 3495 se
1095 3460 1397 3512 passurum
1423 3455 1601 3515 negat
1623 3481 1640 3511 ‚
1694 3457 1760 3500 ut
1784 3450 2031 3518 populus
2056 3463 2191 3503 suus
2210 3449 2336 3503 ‘im-

100 3534 183 3568 ne
222 3516 551 3581 laedatur‚·
578 3532 764 3587 seque
803 3512 1115 3583 profitetur
1143 3523 1370 3570 certum
1398 3515 1526 3568 fore
1556 3514 1826 3571 ultorem.
1895 3519 1955 3572 Si
1984 3519 2201 3574 inultas
2228 3521 2335 3572 ho-

104 3604 254 3640 num
282 3586 531 3641 iniurias
557 3601 678 3638 non
706 3584 877 3652 sinit,
908 3599 984 3635 an
1011 3586 1345 3652 suasfiipsius
1369 3602 1491 3638 non
1510 3585 1883 3640 vindicaret?
1919 3602 1994 3640 an
2026 3589 2172 3644 adeo
2198 3608 2336 3660 par-

96 3674 153 3708 m
191 3656 443 3724 habebit
487 3654 580 3709 vel
617 3657 843 3709 nullam
875 3653 1097 3723 gloriae
1123 3672 1260 3708 suae
1280 3673 1489 3709 curam
1516 3672 1587 3707 ac
1617 3656 1942 3722 rationem,
1995 3668 2092 3725 ut,
2149 3678 2331 3731 quum

96 3729 244 3778 obro
277 3726 567 3793 afficitur,
607 3725 935 3781 dissimulet
957 3740 1028 3777 ac
1059 3724 1378 3796 negligat?
1436 3724 2080 3794 Sed,illud²”¹simplicius
2129 3740 2220 3783 est
2258 3748 2330 3784 ac

95 3807 567 3861 nus-coactum,
624 3805 692 3849 ut
727 3793 1032 3880 Apostolus
1070 3795 1492 3849 tantummodo*
1519 3797 1784 3849 ostendat
1823 3797 2011 3850 Deum
2054 3815 2173 3852 non
2219 3799 2330 3855 ἰαί·

96 3884 171 3919 uve
203 3866 465 3921 ludibrio
489 3865 754 3920 habitum
779 3864 855 3918 iri
872 3901 889 3932 ,
927 3881 1107 3936 quum
1139 3865 1263 3917 eius
1289 3867 1592 3934 proprium
1616 3865 1695 3917 sit
1721 3882 1962 3934 munus,
2012 3867 2206 3938 impiis
2234 3886 2334 3922 re·

95 3937 309 4005 idere,
360 3939 515 4007 quod
539 3937 736 3990 meriti
761 3946 916 3992 suut.
1053 3936 1350 3989 Iudicabit
1371 3969 1378 3982 ι
1390 3937 1666 4003 populum
1703 3953 1888 3989 suum.
1959 3935 2073 3990 Hic
2103 3939 2330 4002 ⁴eadem
2352 3981 2353 3990 κ
2376 3979 2391 3998 ,
2418 3971 2425 3981 x

96 4026 103 4056 ·.
134 4006 342 4059 maior
370 4008 560 4061 oritur
586 4006 933 4071 difficultas,
983 4005 1120 4074 quia
1157 4019 1273 4055 non
1305 4003 1534 4056 videtur
1559 4014 1879 4073 congruere
1903 4004 2088 4061 Mosis
2119 4020 2326 4076 sensus

98 4094 137 4130 n
167 4078 477 4146 praesenti
503 4078 793 4136 instituto.
863 4075 1108 4128 Videtur
1130 4072 1435 4142 Apostolus
1462 4073 1543 4125 ita
1569 4076 1749 4127 citare
1778 4074 1936 4128 hunc
1965 4075 2154 4131 locum
2174 4118 2191 4146 ,
2256 4097 2330 4134 ac

98 4147 371 4201 ’udicare
403 4156 649 4218 poneret
673 4148 869 4201 Moses
903 4161 1010 4214 pro
1036 4144 1267 4204 Punite.
1341 4144 1520 4226 Atqui
1559 4160 1738 4213 quum
1782 4147 2157 4216 expositionis
2198 4150 2326 4203 vice

98 4220 289 4272 minuo
320 4226 454 4287 post
484 4217 694 4273 addat:
745 4216 914 4285 Erga
933 4223 1164 4268 sanctos
1189 4229 1323 4265 suos
1357 4222 1472 4265 erit
1501 4215 1868 4270 misericor„
1926 4215 2067 4270 inde
2098 4217 2305 4288 liquet,
2354 4229 2355 4236 ’

98 4290 132 4341 d
165 4287 488 4343 Iudicandi
522 4288 756 4341 verbum
788 4286 978 4355 accipi
996 4302 1118 4351 .pro
1153 4283 1625 4337 Gubernatorem
1666 4301 1872 4355 agere,
1924 4295 1990 4338 ut
2030 4286 2314 4358 frequens

109 4358 371 4429 linguas
396 4357 719 4413 Hebraicae
758 4371 913 4409 usus.
987 4353 1233 4408 videtur
1269 4354 1552 4409 autemid
1579 4367 1787 4423 parum
1812 4357 2009 4410 facere
2036 4358 2111 4410 ad
2136 4369 2312 4426 prae*-

98 4445 219 4484 ·.em
268 4444 533 4486 causam.
604 4428 822 4485 Verum
868 4424 970 4498 qui
1006 4424 1208 4481 omnia
1250 4433 1415 4480 recte
1457 4426 1833 4498 expenderit,
1883 4423 2042 4482 hunc
2073 4443 2311 4501 quoque
