2820 4895
377 256 464 322 44
921 257 1037 323 ιΝ
1104 214 1729 325 ammonas.
1791 257 2128 329 saum

380 443 481 479 eas
527 425 590 476 in
636 440 765 477 rem
815 434 1176 493 praesentem
1228 426 1507 496 singulari
1552 425 1803 496 quodam
1840 426 2212 482 revelationis
2248 427 2401 482 dono
2441 428 2684 483 ac'com-

375 497 714 549 modarent:
768 497 851 546 sic
879 498 1108 556 tbmen,
1149 506 1210 546 ut
1241 496 1873 562 donum.vaticinandi,
1966 498 2203 550 uateiius
2238 499 2540 551 doctrinae
2569 518 2683 552 an-

376 583 593 620 nexum
625 575 745 615 erat
766 604 777 623 ,
823 564 935 616 non
967 567 1288 617 excludam.
1373 570 1484 618 Per
1507 567 1786 619 Doctores
1815 577 1873 616 et
1949 580 2175 621 astares
2202 571 2687 624 unum·0fficium

376 639 511 690 ideo
559 635 839 703 designari
873 635 1108 703 quidam
1155 645 1398 704 putant,
1456 638 1591 705 quia
1627 636 1981 687 'disiunctiva
2027 637 2349 705 particula,
2390 640 2686 707 quemad-

376 707 620 760 modum
645 708 705 756 in
733 705 1058 772 prioribus,
1094 722 1212 757 non
1245 706 1526 771 habetur,
1575 721 1724 774 quae
1754 706 2002 758 alterum
2036 709 2110 760 ab
2143 708 2330 758 altero
2356 709 2685 762 discernat.

379 793 496 847 qua
534 778 593 826 in
634 776 926 829 sententia
976 785 1110 827 sunt
1156 776 1599 843 chrysostomus
1642 784 1699 826 et
1740 777 2110 845 Augustinus.
2203 779 2353 831 Nam
2407 796 2557 848 quae
2614 780 2686 845 iri

330 851 335 855 ’
379 845 814 900 commentariis
861 846 1253 896 Ambrosianis
1300 846 1609 913 leguntur,
1661 843 1829 896 nimis
1870 847 2119 912 puerilia
2160 857 2295 897 sunt
2333 856 2392 897 et
2429 850 2686 916 indigna

376 916 708 969 Ambrosio.
786 916 858 965 Et
889 914 1003 965 illis
1035 916 1268 983 quidem
1300 932 1364 965 ex
1399 926 1566 983 parte
1596 915 1930 978 subscribo,
1968 917 2205 969 Paulum
2234 918 2304 968 de
2333 917 2685 970 Pastoribus

376 997 440 1039 et
470 981 822 1038 Ductoribus
863 986 1187 1049 promiscue
1226 985 1423 1052 loqui,
1473 1001 1541 1034 ac
1581 983 1629 1033 si
1674 992 1819 1035 unus
1857 985 2132 1050 idemque
2172 993 2321 1037 esset
2355 982 2532 1038 ordo:
2572 1002 2688 1037 ne-

338 1099 351 1117 x
377 1070 492 1124 que
533 1057 707 1105 etiam
745 1068 893 1119 nego
925 1054 1195 1104 Doctoris
1224 1067 1440 1104 nomen
1472 1053 1533 1102 in
1567 1065 1768 1101 omnes
1797 1053 2064 1104 Pastores
2099 1051 2468 1122 aliquatenus
2511 1068 2686 1105 com·

373 1133 598 1195 petere.
677 1124 883 1172 Verum
926 1124 1082 1173 ratio
1124 1123 1228 1172 illa
1268 1138 1361 1173 me
1407 1138 1524 1172 non
1567 1129 1792 1184 movet,
1845 1130 1909 1171 ut
1950 1119 2064 1172 duo
2108 1120 2253 1191 haec
2293 1123 2684 1189 confundam,

378 1212 530 1265 quae
557 1193 715 1242 video
748 1193 900 1242 inter
928 1208 988 1241 se
1017 1192 1271 1243 differre.
1348 1190 1607 1242 Tametsi
1639 1193 1798 1241 euim.
1819 1191 2081 1242 omnium
2115 1193 2421 1245 Pastorum
2458 1202 2548 1244 est
2578 1193 2688 1245 do·

377 1280 546 1317 cere:
596 1261 889 1330 peculiare
934 1271 1129 1312 tamen
1173 1269 1260 1311 est
1300 1260 1518 1312 donum
1545 1260 2017 1326 interpretandae
2049 1260 2413 1329 scripturae,
2464 1272 2533 1314 ut
2574 1262 2687 1313 do-

375 1343 636 1404 gmatum
667 1332 883 1381 sanitas
908 1332 1247 1381 retineatur.
1300 1340 1356 1380 et
1396 1329 1605 1381 doctor
1646 1330 1853 1399 aliquis
1896 1347 2016 1381 esse
2058 1334 2301 1398 poterit,
2343 1332 2443 1400 qui
2472 1341 2686 1385 tamen

377 1401 781 1458 concionando
813 1417 927 1452 non
957 1402 1067 1451 erit
1096 1398 1437 1468 appositus.‘
1471 1402 1736 1451 Pastores
1763 1416 1896 1465 ergo
1923 1409 2077 1462 sunt,
2108 1415 2236 1451 meo
2267 1399 2508 1467 iudicio,
2541 1402 2687 1472 qui·

375 1477 487 1531 hus
522 1473 666 1523 certi
692 1474 876 1538 gregis
906 1486 1042 1520 cura
1073 1472 1381 1523 commissa
1406 1481 1533 1523 est:
1584 1470 1790 1539 quibus
1823 1472 2142 1521 Doctorum
2173 1487 2384 1521 nomen
2425 1471 2685 1523 attribui
2735 1510 2738 1513 -

377 1562 498 1598 non
534 1542 825 1608 displicet,
878 1540 1051 1591 modo
1083 1541 1322 1603 interim
1355 1542 1639 1604 sciamus,
1692 1539 1941 1591 alterum
1963 1556 2091 1591 esse
2121 1542 2439 1591 Doctorum
2467 1558 2685 1613 genus,

380 1615 479 1684 qui
522 1623 639 1664 tarn
683 1611 1005 1663 formandis
1034 1604 1367 1662 Pastoribus
1413 1625 1587 1678 quam
1630 1609 1981 1662 erudiendae
2019 1610 2133 1662 toti
2161 1609 2462 1663 Ecclesiae
2500 1629 2687 1680 prae·

380 1692 534 1737 sunt.
586 1698 698 1735 non
730 1681 872 1749 'quin
902 1679 1054 1731 idem
1082 1681 1375 1732 interdum
1401 1682 1606 1731 Pastor
1630 1696 1751 1730 esse
1779 1688 1988 1752 queat,
2029 1679 2127 1748 qui
2158 1683 2381 1733 Doctor
2406 1690 2522 1733 est:
2575 1682 2688 1735 sed

379 1753 520 1825 quia
561 1751 868 1802 facultates
894 1761 1038 1802 'sunt
1082 1752 1362 1803 diversae.
1451 1750 1782 1801 Notandum
1813 1760 2115 1816 praeterea
2148 1760 2267 1812 est,
2320 1767 2390 1800 ex
2433 1751 2684 1818 officiis,

290 1826 291 1829 ’
318 1876 323 1879 ,
380 1841 529 1891 quae
555 1822 653 1873 hic
689 1829 993 1870 enumerat
1020 1821 1229 1872 Paulus
1251 1859 1265 1884 ,
1302 1829 1596 1888 postrema
1629 1829 1854 1871 tantum
1885 1821 1997 1874 duo
2026 1830 2304 1888 perpetuo
2336 1836 2479 1873 esse.
2537 1838 2687 1879 nam

377 1896 538 1948 Deus
570 1891 888 1960 Apostolis,
936 1890 1313 1959 Evangelistis
1345 1902 1403 1945 et
1436 1888 1739 1955 Prophetis
1768 1889 2085 1942 Ecclesiam
2117 1906 2280 1940 suam
2324 1891 2556 1943 nonnisi
2607 1893 2688 1945 ad

377 1973 608 2029 tempus
638 1961 900 2012 ornavitz
939 1961 1048 2011 nisi
1082 1962 1241 2030 quia,
1276 1960 1376 2013 uhi·
1401 1958 1651 2027 collapsa
1681 1968 1767 2011 est
1793 1959 2034 2027 religiO,
2077 1959 2472 2029 Evangelistas
2508 1972 2689 2016 extra

379 2034 646 2091 ordinem
675 2033 921 2094 excitat,
963 2031 1060 2099 qui
1091 2047 1299 2098 puram
1334 2028 1662 2081 doctrinam
1683 2030 2039 2097 postliminio
2067 2032 2129 2082 in
2156 2029 2344 2082 lucem
2370 2030 2685 2092 refvocent,

379 2103 521 2156 Sine
548 2096 881 2153 Pastor-ibus
925 2111 1116 2152 autem
1156 2111 1215 2152 et
1244 2100 1594 2161 Ductoribus
1624 2100 1847 2152 nullum
1877 2096 2069 2168 potest
2095 2116 2217 2151 esse
2256 2099 2552 2152 Ecclesiae
2582 2119 2685 2155 re·-

379 2175 592 2242 gimen.
683 2173 865 2221 Porro
893 2167 1111 2222 habent
1138 2173 1404 2239 Papist‘ae
1423 2209 1440 2236 ,
1481 2187 1586 2221 cur
1616 2178 2087 2239 conquerantur,
2124 2186 2293 2222 suum
2329 2170 2681 2237 primatum,

380 2260 558 2312 quem
583 2243 840 2305 iactant,
881 2237 1284 2293 hicsffectum
1317 2258 1439 2292 esse
1464 2241 1627 2308 gravi
1658 2239 2031 2292 contumelia.
2102 2240 2217 2292 Hic
2246 2240 2558 2308 disputatio
2593 2253 2687 2294 est

284 2328 293 2370 ·,
380 2314 453 2365 de
479 2312 724 2365 unitate.
774 2309 998 2378 colligit
1018 2311 1230 2362 Paulus
1260 2328 1379 2362 non
1407 2327 1609 2369 causas
1636 2310 1809 2362 modo
1831 2347 1847 2376 ,
1888 2324 2036 2380 quae
2078 2324 2209 2360 eam
2239 2309 2396 2361 inter
2427 2318 2534 2363 nos
2554 2322 2687 2364 sta-

376 2384 628 2446 biliunt,
668 2380 766 2432 sed
795 2379 971 2432 etiam
999 2382 1264 2449 symbola
1297 2382 1503 2451 quibus
1534 2380 1781 2432 fovetur.
1821 2380 2059 2432 tandem
2090 2382 2248 2433 venit
2278 2381 2350 2430 ad
2379 2376 2686 2434 Ecclesiae

377 2456 664 2525 regimen.
728 2451 789 2503 si
817 2451 1131 2518 primatum
1160 2454 1417 2522 aliquem
1447 2453 1616 2504 unius
1642 2452 1792 2503 sedis
1820 2460 2193 2519 agnosceret:
2232 2466 2426 2511 nonne
2459 2453 2684 2506 afferre

378 2525 446 2578 in
486 2523 739 2576 medium
777 2522 1012 2587 debuit,
1061 2539 1237 2575 unum
1282 2531 1456 2591 caput
1493 2517 1873 2574 ministeriale
1903 2521 2181 2573 membris
2206 2521 2472 2573 omnibus
2504 2539 2686 2591 prae-

378 2596 625 2653 fectum,
666 2591 829 2643 cuius
862 2593 1133 2660 auspiciis
1159 2593 1220 2644 in
1244 2592 1536 2645 unitatem
1560 2591 1940 2663 colligamur?
2014 2593 2185 2643 Certe
2218 2598 2315 2643 aut
2332 2591 2494 2643 Pauli
2525 2594 2685 2646 obli—

378 2662 472 2718 vib
516 2662 781 2716 excusari
823 2663 1057 2732 nequit,
1111 2664 1209 2734 qui
1249 2663 1689 2731 imprudenter,
1731 2661 1884 2733 quod
1907 2662 2161 2718 maxime
2189 2662 2518 2731 appositum
2547 2673 2688 2716 erat

380 2735 646 2804 adeoque
676 2734 1051 2799 praecipuum
1075 2732 1137 2800 in
1165 2741 1373 2796 causa,
1415 2732 1905 2802 praetermiserit:
1939 2740 2039 2784 aut
2069 2731 2369 2784 fatendum
2399 2741 2687 2798 est„rem

382 2821 508 2859 esse
533 2822 565 2855 a
600 2801 817 2855 Christi
858 2802 1213 2854 institutione
1255 2803 1533 2856 alienam.
1565 2803 1707 2872 imo
1738 2812 1938 2871 aperte
1964 2801 2243 2860 fictitium
2269 2802 2423 2854 hunc
2452 2804 2687 2870 prima-

379 2885 508 2929 tum
549 2873 791 2939 evertit,
841 2889 1054 2942 quum,
1104 2873 1199 2926 uni
1226 2872 1459 2925 Christo
1501 2873 1880 2926 eminentiam
1925 2871 2220 2938 tribuens,
2266 2873 2576 2940 Apostolos
2623 2884 2688 2927 et

378 2949 650 3000 Pastores
690 2944 982 2995 universos
1019 2944 1107 2994 ita
1145 2939 1233 2996 illi
1276 2944 1550 3010 subiicit,
1602 2953 1665 2995 ut
1685 2941 1855 2995 'inter
1888 2958 1949 2992 se
1989 2942 2245 3009 collegae
2277 2944 2394 2993 sint
2423 2952 2476 2992 et
2506 2943 2685 3012 soaecii.

381 3016 592 3069 Nullus
627 3030 759 3081 ergo
789 3012 950 3065 locus
976 3023 1064 3065 est
1089 3014 1149 3066 in
1180 3015 1501 3083 Scriptura,
1534 3014 1633 3083 qui
1663 3013 2034 3081 tyrannicam
2065 3013 2228 3064 illam
2260 3010 2681 3082 hierarchiam,

380 3090 445 3140 in
477 3102 591 3156 qua
619 3100 791 3136 unum
819 3093 1114 3138 terrenum
1140 3095 1313 3152 caput
1342 3085 1723 3149 constituitur,
1752 3083 1961 3134 fortius
1988 3079 2227 3133 evertat:
2265 3082 2511 3134 Paulum
2531 3100 2688 3152 quo·

384 3174 496 3226 que
530 3165 802 3223 sequutus
836 3154 1155 3221 Cyprianus
1177 3193 1193 3218 ,
1233 3172 1381 3225 quae
1415 3155 1673 3223 legitima
1701 3155 1777 3205 sit
1801 3152 2493 3218 Ecclesiaetmonarchia,
2540 3152 2686 3207 bre-

381 3226 535 3277 viter
576 3236 633 3274 et
675 3222 976 3290 praeclare
1025 3224 1242 3288 definit.
1331 3226 1524 3287 Unus,
1576 3225 1805 3293 inquit,
1857 3232 1942 3273 est
1969 3222 2383 3290 Episcopatus,
2438 3223 2605 3275 cuius
2647 3243 2686 3278 a

383 3295 627 3364 singulis
656 3295 715 3344 in
748 3293 993 3346 solidum
1023 3311 1156 3362 pars
1186 3304 1438 3347 tenetur.
1485 3293 1929 3362 *Episcopatum
1968 3293 2069 3344 uni
2105 3292 2338 3343 Christo
2384 3292 2686 3350 vindicat:

375 3353 446 3417 'in
487 3384 554 3416 eo
599 3363 1065 3420 administrando
1105 3374 1335 3431 partem
1373 3364 1609 3434 singulis
1636 3365 1921 3433 assignat,
1961 3373 2021 3413 et
2052 3363 2279 3432 quidem
2306 3363 2367 3415 in
2400 3363 2688 3436 solidum,

382 3437 589 3506 nequis
616 3450 790 3500 supra
823 3434 966 3484 alios
996 3452 1056 3484 se
1084 3434 1348 3485 extollat.
2273 3490 2294 3498 ·

524 3505 609 3560 12.
684 3506 776 3555 Ad
801 3504 1297 3555 instaurationem.
1370 3504 1492 3568 Ego
1520 3502 1582 3552 in
1613 3502 1875 3553 versione
1893 3503 2198 3553 Erasmum
2230 3510 2501 3570 sequutus
2527 3519 2684 3571 sum,

382 3590 503 3627 non
581 3571 677 3625 uia
720 3567 950 3640 prorsus
991 3572 1113 3623 eius
1154 3573 1349 3641 opinio
1390 3572 1535 3623 mihi
1580 3571 1865 3638 placei-et:
1902 3588 2102 3623 verum
2130 3581 2193 3623 ut
2222 3571 2689 3624 lectoribus‘eli-

354 3660 524 3714 ,gere
577 3647 771 3709 iceat‚
807 3642 963 3711 quod
991 3642 1243 3693 maxime
1273 3641 1683 3710 probaverint,
1719 3642 1818 3693 ubi
1848 3640 2004 3693 illius
2033 3643 2357 3693 versionem
2388 3660 2521 3695 cum
2543 3641 2687 3698 vnl-

383 3713 514 3783 gari
556 3724 615 3766 et
650 3729 783 3764 cum
821 3729 947 3764 mea
989 3713 1361 3774 contulerint.
1442 3713 1613 3763 Vetus
1640 3714 1919 3778 interpres
1951 3710 2161 3765 habet:
2203 3713 2690 3766 consummatio-

383 3800 540 3836 nem.
628 3783 856 3834 Graece
900 3782 1053 3849 apud
1084 3784 1328 3838 Paulum
1355 3791 1443 3833 est
1476 3778 1876 3852 καταριισμός,
1932 3782 2085 3851 quod
2120 3782 2462 3849 vocabulum
2497 3783 2689 3849 signi-

384 3854 528 3906 ficat
553 3850 999 3920 coaptationem
1029 3870 1242 3914 rerum,
1289 3853 1351 3903 in
1383 3851 1592 3921 quibus
1625 3851 1793 3901 debet
1824 3867 1944 3904 esse
1976 3853 2316 3919 symmetria
2345 3860 2402 3903 et
2432 3868 2688 3921 propor-

384 3923 493 3978 tio.
560 3921 1053 3991 quemadmodum
1111 3924 1171 3974 in
1228 3921 1484 3973 humano
1541 3937 1782 3988 corpore
1837 3930 1923 3972 es't
1971 3922 2120 3972 iusta
2153 3930 2225 3984 „et
2263 3922 2409 3973 bene
2453 3923 2690 3991 digesta

384 3994 787 4048 membrorum
819 3992 1268 4061 coagmentatio.
1305 3994 1459 4044 unde
1488 3993 1666 4044 etiam
1692 4009 1796 4059 pro
1826 3991 2187 4059 perfectione
2218 3991 2488 4047 sumitur.
2560 3991 2687 4045 Sed

387 4066 665 4136 quoniam
704 4063 802 4115 hic
831 4063 1041 4115 Paulus
1088 4073 1302 4134 stptum
1339 4062 1491 4113 bene
1529 4071 1584 4112 et
1629 4062 1828 4113 ordine
1871 4065 2255 4128 compositum
2295 4061 2559 4113 indicare
2583 4079 2691 4115 vo-

385 4137 531 4200 luit,
577 4135 722 4186 mibi
763 4134 949 4199 magis
995 4135 1277 4201 probatur
1309 4131 1681 4184 Constitutio.
1762 4134 1913 4184 Nam
1947 4132 2147 4182 dicunt
2187 4131 2420 4201 proprie
2459 4133 2690 4199 Latini,

388 4205 667 4259 constitui
709 4202 1130 4271 rempublicam
1174 4211 1275 4255 aut
1314 4217 1595 4267 regnum,
1646 4209 1747 4251 aut
1772 4202 2168 4270 provinciam,
2209 4218 2388 4270 quum
2415 4218 2485 4252 ex
2514 4204 2690 4255 dissi-

384 4270 622 4346 pa'tione
649 4275 842 4327 omnia
872 4273 936 4324 in
963 4284 1190 4326 rectum
1218 4272 1632 4340 etnlegitimum
1661 4281 1882 4332 statum¹
1903 4273 2126 4324 restitui
2156 4272 2467 4338 contingit.
2611 4274 2693 4327 In

385 4365 528 4414 opus
567 4344 887 4397 ministerii.
969 4344 1123 4395 Deus
1150 4341 1404 4425 'quidem
1445 4358 1549 4411 per
1591 4359 1650 4390 se
1691 4340 2194 4411 hoc-praestaret,
2244 4344 2292 4394 si
2324 4342 2528 4394 vellet:
2583 4342 2693 4393 sed

387 4416 495 4470 bas
530 4424 723 4485 partes
764 4410 1069 4472 bominum
1107 4412 1437 4467 ministerio
1477 4412 1782 4482 delegavit.
1866 4413 2115 4467 Proinde
2146 4414 2259 4468 hoc
2286 4414 2405 4465 vice
2433 4428 2690 4483 occupa-
