2820 4895
336 271 469 346 ω
888 267 1003 337 m
1071 205 1706 360 anemonas
1753 262 2102 348 mum

1203 441 1212 451 ⁵
1310 474 1375 567 C
1394 494 1453 558 A
1474 495 1566 568 Β.
1597 472 1698 548 11.

357 657 420 721 1.
480 617 863 716 Adhortor
886 647 1129 734 igitur,
1181 659 1262 715 ut
1283 661 1442 715 ante
1469 651 1695 717 omnia
1724 646 1884 715 flant
1912 649 2464 737 deprecationes,
2519 648 2651 714 ob·-

356 735 810 807 tentationes,
862 732 1481 822 interpellationeS,
1535 738 1898 820 gratiarum
1926 738 2228 801 actiones
2260 755 2390 823 pro
2421 737 2652 810 omni—

310 880 315 885 .
352 825 483 888 bus
523 820 945 895 hominibuS,
1059 825 1119 884 2.
1189 817 1662 905 ProBegibus
1698 833 1769 885 et
1807 822 2125 885 omnibus
2167 823 2241 883 in
2286 820 2652 884 eminentia

354 907 770 980 constitutiS,
811 915 886 978 ut
916 899 1245 990 placidam
1276 917 1346 969 et
1372 910 1665 986 quietam
1692 910 1900 970 vitam
1929 906 2251 990 degamus
2281 926 2432 968 cum
2465 904 2655 967 omni

346 996 610 1082 pietate
648 1002 719 1054 et
759 987 1134 1053 honestate.
1231 994 1293 1053 8.
1354 988 1502 1052 Hoc
1541 992 1721 1053 enim
1762 991 2013 1052 bonum
2044 1000 2113 1053 et
2140 1000 2493 1076 acceptum
2525 1010 2656 1052 co·-

351 1096 497 1143 ram
534 1070 883 1140 salvatore
913 1087 1154 1138 nostro
1182 1073 1365 1150 Deo,
1462 1075 1522 1138 4.
1569 1072 1708 1156 Qui
1736 1093 1970 1139 omnes
1998 1074 2307 1140 homines
2337 1072 2484 1141 vult
2511 1072 2657 1141 sal-

353 1180 476 1232 vos
507 1156 655 1225 fieri
672 1204 694 1240 ,
738 1169 807 1223 et
831 1157 917 1222 ad
944 1161 1358 1246 agnitionem
1386 1162 1693 1229 veritatis
1717 1163 1971 1226 'venire-

493 1329 548 1384 1.
616 1326 909 1390 Adhortor
938 1325 1146 1394 igitur.
1226 1325 1391 1390 Haec
1458 1328 1650 1382 ietatis
1677 1325 1968 1382 exercitia
1997 1324 2311 1381 continent
2335 1343 2446 1380 nos
2472 1333 2658 1395 atque

355 1398 536 1454 etiem
578 1396 939 1449 confirmant
975 1397 1042 1451 in
1079 1397 1315 1456 sincero
1334 1345 1511 1451 cuftu
1540 1396 1657 1449 Dei
1683 1415 1754 1451 ec
1780 1397 2035 1461 timere,
2073 1398 2401 1467 foventque
2429 1396 2655 1449 bonam

352 1464 828 1532 conscientiam,
878 1464 951 1518 de
993 1481 1110 1535 qua
1148 1464 1400 1530 dixerat.
1488 1467 1687 1537 Quare
1716 1483 1836 1521 non
1866 1468 1969 1519 abs
1998 1482 2065 1518 re
2096 1464 2326 1519 illativa
2398 1463 2656 1518 articula

355 1538 587 1604 utitur,
623 1533 762 1604 quia
790 1550 860 1586 ex
889 1535 1198 1603 superiore
1227 1545 1549 1605 praecepto
1579 1535 2016 1589 exhortationes
2041 1533 2197 1587 istae
2226 1552 2343 1604 pen
2386 1544 2508 1588 ent.
2566 1537 2654 1586 Ao

354 1605 535 1660 initio
573 1603 815 1673 quidem
851 1602 923 1655 de
964 1602 1220 1671 publicis
1262 1603 1636 1658 orationibus
1676 1603 1976 1666 disseritz'
2040 1620 2140 1657 uas
2177 1603 2350 1658 iubet
2381 1620 2498 1656 non
2536 1619 2648 1672 pro

353 1672 635 1730 fidelibus
664 1672 842 1724 modo
874 1673 1136 1740 concipi,
1185 1671 1286 1728 sed
1315 1689 1422 1740 pro
1446 1673 1722 1726 universo
1741 1690 1976 1740 genere
2045 1690 2292 1742 umano.
2361 1675 2652 1744 Poterant

353 1743 519 1801 enim
548 1741 829 1794 nonnulli
854 1740 939 1793 ita
964 1757 1166 1793 secum
1194 1751 1509 1810 reputaret
1560 1743 1778 1795 Curssda
1802 1742 2132 1796 infidelium
2168 1742 2357 1794 salute
2392 1745 2651 1795 essemus

355 1810 641 1877 solliciti,
684 1809 1040 1880 quibuscum
1066 1807 1221 1861 nihil
1249 1820 1336 1862 est
1362 1811 1534 1864 nobis
1559 1808 2052 1866 necessitudinis?
2120 1813 2332 1864 Nonne
2360 1811 2506 1871 satis
2536 1819 2653 1878 est,

354 1880 411 1935 si
445 1880 673 1933 fratres
711 1896 821 1948 pro
867 1879 1161 1931 fratribus
1202 1887 1412 1932 mutuo
1456 1895 1726 1948 oremus,
1775 1897 1845 1931 ac
1877 1877 2359 1935 commendemus
2387 1880 2519 1932 Deo
2552 1890 2652 1933 to-

352 1959 482 2004 tam
520 1965 693 2002 suam
727 1947 1100 2000 Ecclesiam?
1159 1947 1312 1999 nibil
1347 1950 1507 2002 enim
1548 1952 1618 2004 ad
1656 1966 1762 2002 nos
1804 1949 2093 2008 extranei.
2183 1950 2336 2002 Huic
2373 1947 2655 2003 sinistrae

358 2016 643 2088 opinioni
674 2015 942 2069 occurrit
969 2016 1221 2083 Paulus,
1269 2033 1339 2070 ac
1378 2018 1547 2072 iubet
1575 2017 1867 2087 Ephesios
1906 2017 2341 2087 suisprecibus
2385 2018 2652 2087 comple-

356 2086 447 2143 cti
480 2089 685 2139 omnes
711 2085 1019 2151 mortales,
1057 2102 1170 2137 nec
1197 2102 1291 2138 eas
1319 2087 1393 2139 ad
1422 2103 1639 2156 corpus
1668 2087 1970 2140 Ecclesiae
1997 2088 2386 2157 restringere.
2456 2088 2648 2140 Porro

338 2154 506 2227 quid
532 2155 693 2208 inter
719 2172 784 2207 se
810 2154 1085 2206 differant
1113 2164 1238 2207 tres
1262 2172 1288 2207 s
1336 2157 1494 2209 ecies
1521 2172 1591 2209 ex
1625 2161 1880 2226 quatuor
1901 2192 1920 2221 ,
1974 2173 2122 2223 quas
2152 2156 2365 2210 Paulus
2402 2171 2653 2208 enume-

356 2234 485 2291 rat,
520 2223 717 2276 fateor
746 2240 840 2276 me
867 2240 988 2276 non
1059 2223 1273 2290 enitus·
1311 2222 1513 2279 en'ere.
1599 2223 1833 2278 Puerile
1863 2222 2102 2294 quidem
2133 2227 2262 2289 est,
2294 2225 2449 2294 quod
2480 2224 2650 2278 Pauli

332 2295 540 2360 ,verba
567 2292 921 2363 Augustinus
963 2308 995 2342 a
1073 2291 1225 2350 ritus
1263 2310 1372 2345 suo
1410 2304 1684 2363 tempore
1713 2294 1961 2347 usitatos
1992 2293 2327 2363 detorquet.
2402 2292 2650 2362 Simpli-

324 2365 331 2376 '
359 2364 492 2418 sior
518 2372 604 2416 est
629 2378 837 2415 eorum
863 2359 1195 2430 expositio,
1230 2361 1332 2431 qui
1358 2363 1825 2431 Deprecationes
1854 2379 1979 2414 esse
2008 2372 2255 2430 putant,
2306 2361 2521 2431 quibus
2543 2380 2650 2433 pte-

357 2432 542 2493 timus
580 2428 838 2485 liberari
878 2446 911 2482 a
956 2430 1157 2484 malis:
1217 2431 1711 2494 Obsecrationes,
1768 2429 1978 2502 quibus
2018 2431 2189 2489 utilia
2228 2430 2405 2484 nobis
2447 2430 2650 2502 posci-

267 2540 280 2563 .
356 2518 524 2556 mus:
571 2499 1127 2570 Interpellationes,
1175 2501 1385 2569 quibus
1423 2503 1580 2570 apud
1606 2504 1803 2554 Deum
1837 2500 2093 2561 iniurias
2121 2500 2517 2565 nobis-illatas
2547 2503 2650 2555 de-

356 2572 689 2644 ploramus.
771 2570 1125 2640 Quanquam
1153 2583 1266 2637 ego
1296 2586 1417 2622 non
1444 2572 1532 2625 ita
1565 2569 1870 2624 subtiliter
1895 2570 2246 2639 distinguo,
2298 2570 2394 2623 vel
2427 2571 2651 2626 saltem

358 2639 544 2693 aliam
582 2636 1035 2693 distinctionem
1075 2638 1266 2705 magis
1309 2639 1525 2706 probo.
1604 2632 1921 2711 Προςευχάς
1971 2648 2115 2692 sane
2157 2637 2377 2692 Graeci
2426 2649 2650 2693 vocant

360 2724 539 2763 omne
574 2724 756 2778 genus
797 2707 1130 2759 orationes:
1184 2701 1395 2772 δεήσεις
1429 2717 1626 2761 autem
1670 2726 1766 2763 eas
1804 2708 2212 2776 precationum
2248 2708 2473 2760 formas
2488 2726 2520 2775 ,‘
2542 2710 2650 2761 ubi

360 2785 596 2833 certum
643 2774 871 2846 aliquid
907 2775 1152 2844 petitur.
1222 2776 1354 2827 Hoc
1397 2779 1574 2830 modo
1613 2777 1779 2829 inter
1815 2794 1878 2828 se
1913 2777 2304 2829 convenirent
2339 2776 2486 2833 haec
2525 2778 2648 2831 duo

357 2846 647 2913 nomina,
692 2854 974 2913 tanquam
1002 2861 1188 2915 genus
1220 2855 1280 2897 et
1306 2845 1563 2916 species.
1634 2839 1937 2906 Ἐντεὺξεις
1967 2861 2182 2897 vocare
2221 2846 2375 2899 solet
2406 2846 2649 2915 Paulus,

358 2931 508 2986 quas
537 2914 643 2967 alii
669 2930 778 2983 pro
811 2913 944 2967 aliis
970 2913 1326 2981 suscipimus
1354 2930 1580 2983 preces.
1664 2918 1779 2969 Pro
1808 2932 1923 2984 quo
1959 2915 2173 2965 Latina
2199 2914 2516 2969 translatio
2542 2915 2651 2969 ha-

358 2986 467 3039 bet
496 2983 972 3037 Intercessiones.
1046 2982 1396 3053 Quanquam
1427 2984 1594 3038 Plato
1620 2986 1684 3037 in
1715 2983 2018 3037 Alcibiade
2044 2984 2303 3037 secundo
2333 2983 2517 3036 aliter
2546 2999 2650 3036 ac-

358 3053 545 3122 cipit,
594 3068 811 3119 nempe
848 3068 955 3120 pro
993 3068 1053 3105 se
1092 3051 1221 3120 ipso
1264 3063 1491 3105 certam
1531 3053 1940 3123 precationem
1982 3051 2321 3120 concipere.
2406 3054 2477 3105 In
2509 3052 2666 3122 ipsa.

360 3131 563 3179 nutem
601 3121 743 3173 libri
777 3120 1174 3188 inscriptione
1210 3131 1270 3174 es
1300 3123 1718 3191 compluribus
1740 3124 1886 3175 locis
1921 3122 2061 3174 satis
2085 3122 2244 3191 quod
2276 3119 2405 3174 dixi
2439 3131 2651 3176 osten-

355 3190 450 3245 dit
474 3183 783 3262 προςευχὴν
816 3205 1034 3243 nomen
1061 3206 1185 3241 esse
1208 3192 1511 3260 generale.
1592 3192 1704 3246 Sed
1729 3208 1804 3243 ne
1829 3189 1966 3259 plus
1995 3206 2184 3260 aequo
2209 3190 2553 3244 laboremus
2578 3191 2651 3243 in

353 3276 427 3314 re
467 3275 588 3312 non
622 3259 988 3331 necessaria,
1039 3258 1253 3310 Paulus
1299 3258 1732 3329 (meoiudicio)
1771 3258 2135 3328 simpliciter
2164 3259 2368 3326 iubet,
2406 3260 2680 3329 quoties.

352 3327 637 3397 publicae
675 3327 969 3379 orationes
1007 3324 1336 3394 habentur,
1389 3331 1733 3398 supplicare
1764 3338 1824 3381 et
1851 3327 2164 3397 deprecari
2195 3345 2307 3398 pro
2344 3329 2649 3396 omnibus,

356 3395 542 3451 «tiam
568 3394 704 3466 qui.
728 3396 795 3449 in
832 3395 1167 3464 praesentia
1208 3395 1360 3450 nihil
1396 3399 1707 3452 nobiscum
1732 3398 1960 3451 habent
1986 3397 2450 3455 coniunctionis,
2483 3456 2492 3461 ,
2522 3399 2651 3452 Ne·-

266 3476 271 3479 ‘
442 3483 476 3519 e
514 3473 715 3517 tamen
755 3479 1120 3531 supervacua
1154 3473 1244 3516 est
1283 3466 1603 3523 verberum
1639 3466 1981 3536 congeries:
2046 3467 2149 3519 sed
2196 3467 2348 3520 mibi
2398 3467 2676 3522 videtur„

406 3532 576 3588 aulus
618 3533 893 3586 consulto
928 3541 1052 3584 tres
1078 3549 1264 3585 voces
1302 3534 1369 3587 in
1406 3537 1657 3597 eundem
1694 3536 1877 3588 finem
1909 3535 2089 3589 simul
2127 3537 2540 3604 coniungere,
2574 3547 2650 3590 ut

350 3601 634 3676 precandi
673 3601 940 3657 studium
977 3609 1037 3655 et
1070 3601 1485 3673 assiduitatem
1522 3606 1711 3675 magis
1752 3605 2153 3673 commend-et,
2203 3621 2274 3657 ac
2317 3605 2649 3657 vehemen-

351 3671 478 3725 tius*
512 3683 746 3741 urgeat.
825 3669 1057 3725 Scimus
1095 3672 1252 3724 enim
1273 3710 1289 3738 ,
1341 3682 1566 3744 quanta
1597 3675 1761 3728 sitin
1787 3675 2169 3742 hocpietatis
2201 3673 2401 3726 officio
2428 3683 2646 3727 nostra

350 3737 656 3810 segnities.
725 3736 896 3792 Nihil
918 3737 1111 3808 igitur
1138 3741 1393 3805 mirum,
1430 3743 1479 3793 si
1509 3760 1641 3809 eam
1671 3744 1945 3810 pluribus
1977 3741 2231 3795 stimulis
2259 3742 2486 3795 excitet
2510 3742 2644 3812 Spi-v

344 3809 501 3862 ritus
523 3817 760 3861 sanctus
784 3825 893 3876 per
918 3823 980 3860 os
1008 3808 1194 3862 Pauli.
1267 3812 1337 3862 In
1369 3811 1711 3864 Gratiarum
1737 3814 1966 3864 actione
1990 3810 2149 3862 nihil
2179 3819 2271 3863 est
2295 3811 2646 3865 obscurum.

252 3882 261 3887 '
345 3879 503 3933 Nem
540 3877 1032 3947 quemadmodum
1074 3878 1203 3930 vult
1237 3878 1571 3933 infidelium
1607 3881 1862 3934 salutem
1896 3878 2307 3937 commendari
2336 3881 2504 3949 Deo,
2550 3879 2644 3934 ita

345 3954 411 4001 et
449 3956 693 4018 propter
728 3946 917 3999 laetos
956 3963 1162 3998 eorum
1205 3964 1279 4001 ac
1314 3965 1636 4020 prosperos
1678 3958 1985 4003 successus
2028 3948 2251 4016 gratias
2294 3947 2413 4019 agi.
2511 3951 2645 4008 Istn

349 4014 508 4069 enim
539 4014 912 4068 admirabilis
939 4014 1055 4067 Dei
1084 4012 1353 4082 bonitas,
1398 4034 1575 4085 quam
1604 4019 1865 4088 quotidie
1892 4018 2184 4083 ostendit,
2229 4033 2415 4086 quum
2443 4017 2643 4072 solem

346 4100 523 4139 suum
562 4083 714 4138 oriri
752 4083 900 4137 facit
936 4099 1119 4152 super
1161 4083 1353 4138 bonos
1404 4095 1466 4138 et
1506 4087 1697 4139 melos
1749 4086 1990 4153 (Matth.
2016 4085 2072 4150 5,
2102 4085 2248 4151 45.),
2311 4084 2508 4154 digna,
2546 4096 2643 4139 est

339 4164 521 4229 quam
562 4152 738 4206 laude
783 4168 1246 4222 prosequamur:
1297 4164 1359 4208 et
1400 4155 1626 4210 caritas
1662 4167 1871 4210 nostra
1905 4171 2095 4225 usque
2123 4154 2198 4207 ad
2225 4155 2509 4226 indignos
2537 4172 2643 4209 ex·

339 4222 588 4276 tendere
615 4238 679 4276 se
708 4221 903 4278 debet.

477 4358 532 4413 2.
605 4362 723 4413 Pro
753 4357 1037 4425 Regibus.
1096 4360 1474 4415 Nominatim
1502 4361 1575 4418 de
1589 4362 1868 4434 Regibus*
1888 4360 2184 4429 meminit,
2222 4368 2285 4415 et
2311 4359 2641 4431 mag-istra·

282 4438 308 4451 ‘
337 4424 498 4483 mm
532 4426 820 4503 reliquis,
868 4428 1008 4501 quia
1039 4445 1185 4503 prae
1218 4432 1358 4487 aliis
1390 4433 1554 4489 exosi
1581 4449 1707 4488 esse
1730 4440 2012 4519 poterant
2040 4433 2200 4506 apud
2221 4431 2639 4513 [Christianos.
