2820 4895
369 279 455 341 46
523 250 527 255 ’
672 223 678 237 ’
831 265 862 282 ’·
919 274 1709 345 ιΝΈΡιετοιΛΕ
1771 248 2106 352 psum

368 444 555 500 ‘sitive
593 445 917 515 legendum
959 452 1081 509 est,
1118 461 1192 497 ac
1215 444 1265 498 si
1289 444 1562 499 dixissen
1618 446 1785 517 Quae
1817 453 1905 500 est
1934 447 2141 501 ultima
2165 443 2673 505 christiano-rum

373 515 670 585 perfectio
690 517 717 568 ?
758 527 815 566 et
847 534 952 568 cur
975 517 1136 567 istud
1156 515 1183 567 ?
1224 515 1359 585 quia
1392 525 1483 566 est
1511 517 1686 584 plena
1711 525 1875 570 aetas
1902 517 1963 587 iu
1982 516 2236 579 Christo.
2271 534 2466 588 neque
2498 519 2675 573 enim

374 584 548 638 stulti
586 584 854 637 homines
892 585 953 636 in
979 583 1218 645 Christo
1254 582 1691 651 perfectionem
1717 600 1888 636 suam·
1910 599 2239 655 quaerunt,
2289 596 2355 640 ut
2387 588 2676 641 decebat.

372 653 488 706 Sed
522 654 685 704 inter
726 669 833 704 nos
871 653 1027 705 istud
1063 651 1433 721 principium
1465 653 1662 704 valere
1687 653 1896 721 debet,
1943 654 2099 706 nihil
2132 644 2256 707 es¹se
2286 665 2452 709 extra
2482 656 2682 709 Chri·
2713 667 2723 683 ¹

372 732 530 775 stum
599 721 713 772 nisi
742 722 987 787 noxium
1019 732 1077 773 et
1109 721 1365 773 exitiale.
1441 721 1721 789 Quisquis
1752 739 1895 793 ergo
1927 723 2015 775 vir
2045 732 2134 775 est
2161 726 2219 775 in
2250 725 2514 791 Christo,
2537 725 2677 779 *ille

373 758 610 843 demuin
641 791 801 842 omni
833 807 904 842 ex
929 801 1095 858 parte
1124 798 1213 842 est
1241 788 1570 841 absolutus.
1633 791 1814 843 Aetas
1832 793 2189 856 plenitudinis
2213 810 2320 861 pro
2344 793 2522 861 iusta,
2567 794 2679 846 vel

371 868 629 913 matura.
662 869 670 879 ·
717 860 833 911 Hic
873 875 1052 926 porro
1093 859 1259 909 nulla
1299 858 1367 909 fit
1406 857 1632 909 mentio
1679 859 2065 923 senectutis,=
2138 878 2248 912 uae
2277 862 2340 914 in
2367 863 2482 919 boc
2514 879 2680 931 pro·

373 946 579 997 gressu
618 927 822 980 locum
861 945 976 980 non
1016 928 1231 979 habet:
1284 942 1418 978 nam
1454 943 1588 979 curn
1617 926 1734 979 ista
1762 927 2062 994 spirituali
2142 930 2318 981 hristi
2347 938 2546 984 aetate
2624 929 2680 982 i-

370 997 505 1063 mul
545 997 723 1050 etiam
768 997 986 1048 crescit
1025 997 1231 1063 vigor:
1287 995 1443 1065 quod
1485 1006 1678 1048 autem
1719 997 1998 1061 senescit,
2037 999 2107 1049 ad
2136 1000 2447 1053 interitum
2477 1001 2591 1053 inc
2625 1000 2681 1052 i·

364 1076 500 1118 vnat.
622 1066 705 1118 Ne
730 1068 975 1132 amplius
996 1066 1190 1117 simus.
1262 1064 1776 1134 Quemadmodum
1803 1066 1875 1117 de
1894 1067 2243 1119 maturitate
2273 1068 2463 1120 virilis
2495 1079 2677 1122 aeta-

366 1134 450 1187 -tis
476 1126 793 1200 disseruit,
834 1135 1109 1203 adquam
1137 1134 1436 1187 tendimus
1465 1144 1589 1185 toto
1615 1132 1776 1195 ,vitae
1805 1135 2139 1189 curriculo:
2180 1136 2264 1188 ita
2288 1152 2408 1189 non
2436 1138 2679 1194 debera

373 1221 483 1256 nos
504 1203 712 1273 pueris
747 1220 870 1255 esse
900 1202 1158 1267 similes,
1194 1202 1332 1254 dnm
1360 1203 1425 1253 in
1455 1201 2045 1271 eiusmodilprofectu
2079 1221 2314 1271 sumus,
2353 1207 2679 1262 admonet.

376 1272 620 1343 Aliquid
663 1271 824 1324 enim
864 1270 1126 1323 medium
1157 1272 1362 1322 statuit
1386 1271 1544 1322 inter
1574 1271 1895 1340 pueritiam
1921 1281 1981 1323 et
2009 1284 2351 1340 provectam
2378 1285 2677 1330 aetatem.

286 1335 324 1393 ’κ
366 1341 565 1395 Pueri
597 1340 841 1409 quidem
881 1348 1052 1405 sunt,
1102 1339 1202 1408 qui
1228 1341 1499 1392 nondum
1532 1357 1797 1409 gressum
1824 1341 2139 1395 firmarunt
2165 1344 2226 1393 in
2263 1344 2353 1395 via
2381 1345 2678 1413 Domini,

376 1410 481 1465 sed
513 1411 818 1463 vao÷llant=
875 1409 975 1477 qui
1011 1409 1273 1461 nondum
1318 1409 1705 1462 constitutum
1745 1410 1998 1476 habent,
2031 1427 2236 1479 quam.
2262 1412 2415 1464 viam
2447 1422 2679 1467 tenere

372 1481 666 1546 debeant,
700 1479 803 1533 sed
833 1477 1011 1529 modo
1041 1477 1158 1529 huc
1182 1515 1199 1544 ,
1237 1480 1414 1531 modo
1443 1478 1950 1544 illucinclinant,
1992 1497 2226 1535 semoer
2252 1481 2457 1547 dubii,
2505 1492 2690 1537 sems·

374 1566 489 1617 per
527 1549 956 1601 inconstantes.
1045 1546 1163 1615 Qui
1198 1557 1393 1599 autem
1427 1564 1566 1599 vere
1600 1547 1826 1601 fundati
1854 1556 1992 1601 sunt
2023 1549 2084 1599 in
2113 1533 2332 1601 &bristi
2364 1550 2678 1619 doctrina,
2729 1577 2736 1585 ‚

342 1617 615 1672 '‘stametsi
657 1615 921 1669 nondum
957 1615 1217 1682 perfecti
1254 1617 1400 1680 sint,
1450 1614 1675 1669 habent
1712 1627 1912 1670 tamen
1949 1627 2181 1670 tantum
2214 1619 2577 1686 prudentiae
2608 1630 2680 1679 et

375 1686 648 1753 roboris,
699 1694 768 1738 ut
807 1687 998 1737 sciant
1036 1684 1332 1753 deligere,
1382 1684 1526 1754 quid
1570 1687 1646 1737 sit
1684 1685 2013 1753 optimum,
2067 1697 2127 1738 et
2153 1692 2494 1740 constanter
2523 1705 2680 1757 per·

350 1765 524 1824 agant
562 1755 626 1807 in
661 1765 842 1808 recto»
863 1770 1056 1807 cursu.
1112 1753 1197 1805 ita
1222 1753 1489 1804 fidelium
1516 1754 1667 1820 vita,
1702 1772 1853 1824 quae
1881 1754 2118 1808 assiduo
2135 1758 2407 1824 profectu
2436 1757 2510 1808 ad
2541 1768 2678 1811 sta-

362 1834 511 1877 :tum
551 1840 720 1883 suum
759 1824 1008 1892 gradum
1051 1823 1309 1890 aspirat,
1361 1824 1797 1875 adolescentiae
1839 1822 2052 1876 similis
2098 1835 2204 1876 est.
2298 1826 2468 1894 Quod
2514 1845 2678 1897 ergo

377 1893 533 1960 dixi,
581 1909 881 1961 nunquam
920 1893 983 1942 in
1022 1893 1135 1943 hac
1177 1891 1299 1942 vita
1333 1907 1440 1944 nos
1476 1908 1600 1942 esse
1630 1892 1820 1957 viros,
1865 1909 1983 1944 non
2017 1892 2195 1944 debet
2225 1894 2382 1946 trabi
2413 1895 2486 1946 ad
2514 1895 2677 1949 alte-

374 1979 513 2016 rum
545 1971 908 2026 extremum,
946 1961 1102 2028 quod
1129 1969 1374 2012 vocant:
1425 1976 1492 2012 ac
1522 1962 1568 2012 si
1601 1978 1718 2012 non
1745 1962 1918 2013 fieret
1943 1977 2287 2030 progressus
2319 1971 2485 2014 extra
2515 1982 2681 2033 pue·-

376 2031 607 2084 ritiam.
700 2030 848 2080 Nam
887 2039 1193 2099 postquam
1234 2029 1474 2081 Christo
1515 2029 1641 2081 nati
1682 2047 1912 2096 sumus,
1980 2031 2257 2083 debemus
2297 2031 2679 2103 adolescere,

377 2099 471 2152 ita
514 2094 580 2152 ut
618 2116 736 2150 non
779 2096 961 2151 simus
1002 2098 1413 2166 intelligentia
1446 2098 1634 2166 pueri.
1706 2099 1857 2150 Hinc
1886 2107 2167 2171 apparet,
2205 2101 2390 2170 qualis
2416 2102 2524 2153 sub
2551 2102 2677 2155 Pa-

377 2177 522 2237 patu
560 2167 644 2231 *sit
686 2167 1210 2230 christianismus,
1261 2166 1396 2228 ubi,
1442 2183 1615 2236 quam
1645 2165 2092 2237 diligentissime
2122 2178 2398 2236 possunt,
2447 2168 2511 2222 in
2539 2170 2675 2224 hoo

376 2237 658 2309 laborant
699 2238 996 2300 pastores,
1054 2244 1120 2286 ut
1160 2235 1394 2303 plebem
1438 2235 1502 2286 in
1542 2237 1733 2304 prima
1780 2237 2032 2288 infantia
2067 2237 2390 2292 detineant.
2473 2236 2480 2249 ‘
2545 2238 2680 2311 Qui

360 2306 718 2377 ‚fluctuemur
747 2308 803 2356 ει
832 2305 1317 2369 circumferamur.
1387 2304 1629 2357 Duabus
1654 2304 2018 2372 metaphoris
2050 2307 2356 2375 eleganter
2379 2305 2675 2364 miseram

379 2393 585 2428 eorum
629 2374 1099 2445 trepidationem
1140 2372 1459 2440 exprimit,
1516 2376 1617 2442 qui
1659 2373 1849 2426 solide
1889 2391 2009 2426 non
2049 2378 2404 2429 recumbunt
2430 2377 2498 2428 in
2523 2395 2675 2430 ver-

377 2445 525 2499 bum
551 2442 820 2496 Domini.
893 2440 1161 2500 Primum
1185 2440 1479 2511 naviculis
1505 2442 1650 2495 facit
1677 2442 1926 2510 similes,
1965 2462 2133 2514 quae,
2178 2446 2374 2502 medio
2408 2444 2469 2499 in
2501 2447 2674 2501 mari

377 2512 556 2566 variis
591 2513 873 2565 fluctibus
909 2511 1197 2575 iactatae,
1245 2522 1473 2564 certum
1514 2529 1748 2564 cursum
1786 2529 1908 2566 non
1941 2521 2184 2580 tenent,
2232 2532 2343 2568 nec
2382 2525 2511 2572 arte
2553 2523 2675 2570 aut

379 2581 628 2635 consilio
657 2590 970 2650 reguntur,
1010 2581 1111 2632 sed
1137 2580 1519 2649 abripiuntur
1544 2597 1898 2651 quocunque
1921 2582 2179 2651 impetus
2202 2585 2382 2638 tulit.-
2420 2583 2675 2640 Deinde
2705 2593 2708 2598 '

381 2658 695 2718 comparat
729 2667 828 2701 eos
876 2648 1280 2717 velstipulis,
1320 2648 1428 2700 ,vel
1453 2649 1583 2702 aliis
1614 2651 1790 2704 rebus
1820 2650 2110 2716 infirmis,
2162 2669 2341 2722 quae,
2379 2657 2563 2722 prout
2598 2673 2673 2708 se

377 2730 589 2772 ventus
632 2719 921 2783 moverit,
973 2717 1274 2785 agitantur
1311 2716 1427 2768 huc
1466 2726 1526 2770 et
1563 2718 1740 2781 illuc,
1790 2729 1849 2771 et
1877 2728 2053 2788 saepe
2075 2721 2136 2771 in
2165 2723 2674 2791 'contrariaspar-

320 2829 333 2840 χ
377 2801 496 2842 tes.
580 2786 698 2853 Sic,
737 2786 996 2855 inquam,
1039 2801 1279 2854 necesse
1312 2793 1404 2836 est
1431 2785 1735 2844 instabiles
1763 2790 2020 2854 moveri,
2058 2790 2273 2858 quibus
2306 2789 2676 2845 fundamen-

288 2846 293 2864 '
377 2868 538 2927 tum,
590 2855 655 2909 in
693 2872 805 2926 quo
850 2854 1270 2925 acquiescant,
1321 2871 1439 2906 non
1471 2865 1560 2906 est
1582 2867 1819 2909 aeterna
1848 2858 1955 2909 Dei
1987 2858 2222 2911 veritas.
2305 2861 2469 2911 Haec
2502 2860 2676 2918 iusta

377 2944 574 2999 poena
620 2925 1018 2977 est'adversus
1063 2929 1298 2989 omnes,
1351 2923 1450 2992 qui
1491 2924 1555 2975 in
1597 2925 1863 2978 homines
1910 2928 2106 2994 potius
2183 2945 2319 2979 uam
2347 2930 2543 2981 Deum
2568 2937 2673 2994 re·

379 2996 668 3065 spiciunt.
744 2994 966 3062 Contra
1000 3011 1137 3046 vero
1171 3001 1427 3057 testatur
1454 2993 1701 3058 Paulus,
1739 2996 1960 3061 fidem,
1983 3013 2134 3063 quae
2212 2996 2265 3068 ei
2295 2998 2474 3047 verbo
2509 2997 2673 3062 niti,-

375 3075 501 3129 tur,
539 3063 822 3115 invictam
851 3065 1008 3114 stat-e
1037 3063 1310 3114 adversus
1342 3078 1545 3116 omnes
1560 3059 1812 3117 Satanae
1844 3064 2118 3116 insultus.
2260 3064 2467 3136 Quouis
2494 3078 2674 3122 vento

377 3133 685 3186 doctrinae.
763 3130 973 3182 Pulcra
1002 3131 1387 3198 metaphora,
1429 3131 1565 3186 dum
1594 3149 1797 3185 omnes
1818 3133 2129 3187 hominum
2158 3132 2492 3200 doctrinas,
2527 3138 2676 3204 qui-

379 3201 493 3255 bus
533 3201 606 3252 ab
638 3198 948 3267 Evangelii
990 3200 1379 3267 simplicitate
1421 3199 1831 3266 distrahimur,
1878 3201 2141 3271 appellat
2182 3214 2411 3257 ventos.
2490 3204 2674 3261 Deus

275 3316 291 3330 ,
380 3272 542 3322 enim
582 3270 826 3322 verbum
866 3273 1038 3319 suum
1077 3268 1270 3332 dedit,
1305 3269 1362 3319 in
1397 3285 1515 3338 quo
1542 3271 1685 3322 actis
1712 3265 2008 3322 radicibus
2038 3285 2373 3325 maneamus
2396 3271 2671 3331 immoti.

377 3338 643 3396 homines
676 3348 875 3388 autem
901 3336 1017 3388 huc
1046 3345 1106 3387 et
1138 3336 1286 3388 illuc
1313 3338 1430 3388 suis
1459 3338 1748 3406 figmentis
1783 3353 1889 3390 nos
1909 3341 2243 3398 abducunt.
2329 3343 2525 3412 Quum
2558 3344 2673 3397 ad·-

380 3407 504 3459 dit:
553 3404 666 3457 Per·
701 3413 894 3461 astum
932 3406 1251 3471 hominum,
1303 3405 1600 3472 significat
1636 3423 1870 3477 semper
1909 3401 2143 3462 futuros
2171 3410 2527 3479 impostores
2555 3414 2672 3481 qui

380 3473 525 3528 fidei
564 3484 799 3528 nostrae
838 3471 1225 3539 immineant,
1277 3483 1334 3526 et
1361 3473 1597 3528 insidias
1623 3477 1897 3543 tendant,
1926 3479 2041 3533 'sed
2069 3478 2227 3530 nihil
2259 3481 2670 3550 profecturos,

383 3546 432 3596 si
453 3542 566 3596 Dei
600 3547 852 3594 veritate
882 3541 1169 3594 fuerimus
1204 3541 1445 3595 muniti.
1481 3560 1733 3613 quorum
1761 3545 2075 3616 utrumque
2103 3547 2419 3617 diligenter
2444 3549 2671 3603 notan..

383 3609 526 3664 dum
554 3621 664 3664 est.
747 3612 1094 3663 Turbantur
1135 3611 1295 3663 enim
1336 3612 1660 3679 permulti,
1710 3616 2059 3687 simulatque
2099 3627 2417 3686 emergunt
2443 3618 2538 3668 vel
2568 3636 2669 3671 se-

384 3690 556 3746 ctae,
606 3678 702 3731 vel
740 3676 925 3747 impia
964 3678 1162 3750 aliqua
1203 3680 1503 3749 dogmata.
1552 3683 1718 3751 atqui
1750 3682 1860 3735 n'cc
1892 3686 2071 3739 Satan
2107 3686 2407 3753 quiescere
2442 3697 2667 3756 potest,

386 3748 526 3819 quin
564 3765 690 3800 sem
739 3764 806 3799 er
845 3746 1306 3817 puram.Christi
1345 3750 1681 3802 doctrinam
1725 3762 1979 3806 conetur
2015 3763 2074 3805 et
2106 3761 2301 3805 tentet
2336 3756 2669 3812 obscurare

385 3818 508 3871 suis
544 3834 682 3869 men
729 3815 900 3871 aciis=
950 3825 1010 3868 et
1048 3818 1209 3870 Deus
1243 3816 1420 3878 fidem
1465 3828 1728 3872 nostram
1771 3820 1862 3873 his
1904 3821 2328 3876 certaminibus
2365 3823 2493 3877 vult
2528 3837 2672 3894 pro-

362 3886 535 3941 ·bari.
600 3886 836 3938 Deinde
865 3902 1042 3955 quum
1074 3886 1344 3940 audimus
1368 3886 1532 3940 istud
1556 3906 1678 3941 esse
1705 3889 1996 3960 optimum
2026 3902 2084 3943 et
2107 3892 2669 3961 praesentissimum

384 3955 758 4023 remedium,
823 3971 900 4006 ne
941 3954 1485 4009 circumveniamur
1522 3955 1655 4017 ullis
1698 3959 2037 4026 erroribus,
2093 3977 2395 4030 opponere
2434 3963 2668 4017 doctri·

385 4040 522 4077 nam
553 4023 743 4088 illam,
774 4039 950 4093 quam
981 4040 1012 4075 a
1040 4023 1280 4076 Christo
1315 4034 1373 4077 et
1392 4026 1687 4093 Apostolis
1718 4026 2068 4082 didicimus:
2106 4046 2172 4080 ea
2205 4045 2342 4082 vero
2378 4037 2498 4083 non
2531 4034 2672 4087 vu}-

368 4094 550 4165 ·garis
581 4092 915 4145 consolatio
946 4102 1075 4145 est.
1124 4093 1289 4145 Unde
1316 4097 1593 4161 apparet,
1630 4093 1849 4164 'quanta
1880 4098 1961 4149 sit
1990 4099 2243 4167 Papatus
2271 4108 2531 4169 et.quam
2560 4115 2667 4155 ex·

383 4162 669 4220 secranda
696 4161 1000 4228 impietas,
1037 4161 1139 4212 ubi
1169 4177 1409 4213 omnem
1436 4163 1615 4215 verbo
1641 4165 1754 4215 Dei
1782 4165 2207 4219 certitudinem
2239 4166 2563 4238 abrogant,
2601 4180 2667 4224 et

384 4231 566 4296 aliam
605 4228 746 4281 fidei
784 4230 1191 4281 constantiam·
1223 4247 1348 4281 esse
1384 4241 1637 4297 negant,
1675 4249 1848 4302 quam
1873 4233 1920 4285 si
1954 4235 2026 4289 ab
2060 4234 2367 4288 hominum
2396 4239 2671 4292 auctori-

368 4308 508 4353 ·tate
552 4298 924 4367 pendeamus.
1001 4299 1151 4351 Nam
1188 4299 1237 4354 si
1275 4297 1403 4367 quis
1442 4298 1728 4367 haesitet,
1768 4302 1989 4356 frustra
2018 4305 2260 4357 verbum
2288 4306 2404 4357 Dei
2432 4308 2669 4362 consuli

386 4367 605 4432 docent
621 4377 641 4420 t·
682 4366 787 4419 sed
818 4367 1076 4418 decretis
1111 4366 1234 4419 suis
1258 4368 1530 4419 standum
1556 4385 1698 4420 esse.
1782 4371 1903 4424 Nos
1927 4389 2071 4425 >vero
2104 4375 2360 4441 Legem,
2395 4376 2667 4444 Prophe·
2701 4425 2706 4428 .

385 4446 510 4505 tas,
532 4434 1024 4503 -et-Evangelium
1052 4434 1346 4507 amplexi,
1381 4437 1646 4493 fructum
1670 4439 1856 4510 hunc,
1892 4455 2067 4512 quem
2092 4444 2398 4512 praedicat
2425 4446 2666 4512 Paulus,

1228 4705 1231 4706 ⁷
1268 4665 1307 4707 Q
