2820 4895
314 253 441 318 818
768 289 773 298 ·
864 244 1658 349 lessPlSTOLAE
1728 244 2058 322 PAULI

320 418 480 493 quod
517 416 967 473 alibitestatur
1000 416 1216 471 Paulus
1244 416 1459 483 (Rom.
1483 416 1539 483 9,
1565 416 1676 484 16.)
1719 415 1850 470 esse
1889 413 2233 470 miserentis
2271 416 2420 485 Dei,
2472 434 2612 488 per-

320 507 499 571 quam
538 487 832 541 frivolum
871 496 977 539 est.
1057 488 1267 556 Neque
1298 486 1463 540 enirn
1494 485 1598 538 hic
1623 486 1841 539 Paulus
1867 484 1938 537 de
1970 482 2268 537 electione
2296 485 2612 541 hominum

322 563 611 626 disputat,
660 565 729 612 ut
748 558 996 622 doceat,
1033 572 1321 625 quaenam
1351 556 1431 609 sit
1461 554 1591 609 eius
1620 571 1827 635 cansa,
1870 552 2367 623 quemadmodum
2391 556 2468 608 ad
2491 557 2614 610 Ro-

322 643 528 681 manos
559 625 758 694 capite
782 640 975 686 nono;
1017 623 1118 676 sed
1141 633 1374 677 tantum
1399 625 1530 678 vult
1553 639 1655 676 nos
1686 621 2002 690 dissimiles
2035 639 2167 675 esse
2188 623 2390 691 impiis
2408 659 2426 691 ,
2463 641 2614 695 quos

325 695 512 750 exitio
557 711 663 748 suo
703 702 873 745 natos
915 709 1040 744 esse
1079 692 1401 748 cernimus.
1471 691 1730 745 Proinde
1765 691 2017 745 stultum
2044 700 2167 757 est,
2204 708 2273 742 ex
2300 692 2393 752 his
2419 693 2618 747 verbis

330 763 654 833 colligere,
686 761 837 814 sitne
862 761 928 813 in
956 760 1217 813 hominis
1248 769 1545 830 potestate
1569 777 1631 814 se
1658 776 1987 831 aggregare
2016 758 2081 810 in
2107 775 2421 814 numerum
2449 760 2613 815 filio-

325 850 461 889 rum
489 831 637 897 Dei,
672 831 904 901 sibique
930 839 1231 882 auctorem
1262 847 1388 883 esse
1417 846 1559 883 suae
1583 829 1929 896 adoptionis.
2016 830 2152 880 Non
2176 829 2296 881 hoc
2321 831 2527 910 agitur
2550 830 2616 883 in

369 901 681 956 raesentia.
765 898 1038 953 Sufficiat
1064 898 1258 951 brevis
1285 897 1397 951 ista
1424 898 1753 951 admonitio
1785 897 2062 951 adversus
2091 913 2225 964 eos,
2275 915 2386 966 qur
2408 899 2619 953 iubent

376 970 633 1024 ominem
672 970 915 1033 facere,
955 977 1021 1020 ut
1058 966 1564 1036 praedestinetur3
1617 966 1784 1036 quasi
1824 982 1964 1019 vero
2003 965 2377 1045 praescribat
2400 968 2642 1022 Paulus

325 1037 705 1104 hominibus,
755 1035 896 1107 quid
932 1053 966 1087 a
1011 1051 1111 1088 ere
1136 1035 1495 1104 debuerint,
1542 1045 1862 1105 antequam
1891 1044 2020 1086 nati
2047 1043 2278 1099 essent,
2328 1036 2451 1090 imo
2480 1046 2620 1090 ante

308 1107 658 1163 ¹constituta
710 1104 917 1158 mundi
1000 1106 1373 1158 undamenta.
1473 1104 1622 1170 Alii,
1672 1103 1771 1173 qui
1809 1103 2066 1156 liberum
2114 1103 2431 1157 arbitrium
2472 1104 2620 1158 binc

330 1175 628 1245 colligunt
653 1173 886 1242 homini
915 1169 1234 1242 suppetere
1264 1174 1338 1225 ad
1362 1190 1425 1224 se
1452 1172 1957 1254 praeparandum,
2009 1181 2074 1225 ut
2099 1181 2269 1239 aptus
2295 1173 2373 1224 sit
2399 1183 2464 1226 et
2490 1173 2620 1238 for·

329 1254 524 1300 matus
566 1243 630 1295 in
669 1243 1023 1313 obsequium
1060 1242 1213 1308 Dei,
1278 1242 1478 1297 minus
1520 1244 1758 1312 quidem
1794 1239 1984 1309 inepti
2017 1250 2155 1298 sunt
2187 1240 2384 1310 prima
2423 1243 2622 1312 specie

329 1330 510 1386 quam
546 1311 645 1364 illi
678 1311 942 1381 priores3
998 1310 1142 1362 nihil
1177 1318 1379 1364 tamen
1413 1311 1653 1363 firmum
1685 1309 1964 1361 afferunt.
2032 1309 2337 1379 Praecipit
2367 1313 2624 1379 Aposto-

328 1384 423 1438 lus
444 1420 462 1450 ,
511 1391 579 1435 ut
616 1397 679 1433 se
716 1390 1046 1450 expurgent
1076 1379 1147 1432 ab
1178 1378 1557 1433 immunditie
1583 1377 1934 1448 impiorum,
1983 1377 2325 1447 quicunque
2352 1380 2622 1433 Domino

327 1470 394 1508 oe
419 1465 797 1505 consecrasse
826 1449 1116 1519 cupiuntg
1166 1446 1327 1501 idem
1408 1448 1586 1501 assim
1619 1450 1778 1500 Deus
1819 1447 2126 1515 praecipit.
2208 1447 2416 1517 Neque
2454 1449 2624 1502 enim

332 1520 493 1576 aliud
532 1518 631 1570 bic
670 1517 972 1584 audimus,
1019 1533 1194 1587 quam
1227 1534 1343 1587 quo
1417 1517 1730 1571 babuimus
1758 1516 1878 1567 iam
1905 1532 1940 1567 a
1986 1517 2061 1569 ud
2090 1516 2343 1568 eundem
2373 1517 2622 1572 Paulum

332 1586 747 1669 compluribus
784 1586 938 1638 locis
959 1622 976 1653 ‚
1025 1602 1094 1638 ac
1126 1573 1484 1654 praesertim
1517 1587 1579 1636 in
1610 1584 1931 1665 sec-undas
2002 1584 2384 1664 Corinthios:
2442 1587 2623 1639 Mun·

331 1656 587 1722 damini,
632 1655 736 1726 qui
771 1655 946 1706 fertis
984 1671 1121 1706 vasa
1147 1654 1410 1708 Domini.
1494 1655 1647 1706 Hinc
1673 1670 1796 1705 sine
1822 1664 2225 1707 controversia
2253 1662 2453 1721 patet,
2508 1671 2620 1709 nos

332 1726 538 1782 vocari
567 1724 638 1776 ad
668 1724 1063 1776 sanctitatem.
1136 1723 1248 1776 Sed
1276 1724 1394 1776 alia
1425 1733 1512 1776 est
1535 1724 1606 1775 de
1633 1721 1952 1775 vocatione
1980 1723 2299 1790 officioque
2328 1723 2624 1776 Christia-

333 1805 580 1860 norum,
633 1793 752 1844 alia
791 1792 863 1844 de
898 1791 1186 1844 facultate
1218 1792 1309 1844 vel
1334 1793 1603 1861 potentia
1632 1791 1919 1860 quaestio.
1989 1791 2299 1861 Requiris
2321 1791 2619 1861 fidelibus,

332 1875 400 1920 ut
436 1881 497 1915 se
534 1862 887 1930 purificent,
928 1859 1056 1912 'non
1088 1877 1415 1929 negamus3
1463 1862 1565 1913 sed
1590 1860 1692 1912 has
1722 1876 1845 1910 esse
1877 1876 2013 1912 suas
2041 1873 2276 1928 partes,
2297 1860 2472 1912 salibi
2497 1861 2622 1914 Do·

334 1933 530 1986 minus
556 1928 907 2000 pronunti-at
925 1965 942 1996 ‚
980 1946 1159 1999 quum
1192 1946 1301 1997 per
1328 1929 1705 1982 Ezechielem
1735 1926 1848 1994 (36,
1874 1928 1989 1996 25.)
2016 1929 2352 1998 promittit,
2387 1946 2450 1981 se
2483 1930 2621 1984 mis-

336 2017 553 2054 surum.
581 2017 762 2070 aquas
801 1997 1076 2064 mundas,
1130 2008 1197 2049 ut
1236 1998 1611 2051 mundemur.
1696 1999 1890 2066 Quare
1922 1999 2122 2065 potius
2150 2014 2182 2049 a
2211 1997 2477 2056 Domino
2514 1999 2623 2051 fla·

336 2070 680 2140 gitandum,
742 2077 810 2122 ut
850 2084 957 2118 nos
994 2075 1246 2137 purget,
1310 2083 1484 2136 quam
1520 2068 1741 2119 frustra
1782 2065 1840 2116 in
1886 2066 1999 2118 hoc
2041 2065 2360 2119 tentandae
2398 2069 2621 2136 absque

339 2141 468 2192 eius
505 2137 733 2189 auxilio
775 2134 935 2188 vires
980 2146 1242 2190 nostrae.
1333 2136 1443 2186 Vas
1471 2136 1533 2186 in
1563 2136 1831 2186 honorem
1860 2137 2302 2203 sanctificatum
2327 2135 2624 2204 significat

337 2215 675 2276 separatum
701 2204 761 2256 in
787 2221 925 2257 usus
951 2204 1233 2257 honestos
1263 2220 1332 2256 ac
1355 2203 1714 2272 splendidos.
1785 2206 1877 2254 lta
1914 2212 1976 2255 et
2016 2203 2437 2271 patrifamilias
2476 2208 2623 2258 utile

320 2281 448 2347 'pro
480 2292 550 2326 eo
573 2312 589 2341 ,
630 2275 788 2344 quod
819 2282 909 2325 est
937 2273 1010 2324 ad
1039 2283 1239 2341 gratos
1265 2271 1899 2334 ususlaccommodum.
1973 2273 2182 2324 Postea
2211 2274 2622 2340 metaphoram

338 2343 632 2411 explicat,
685 2360 865 2412 quum
905 2341 1100 2409 addit,
1150 2359 1258 2393 nos
1300 2340 1524 2393 debere
1566 2358 1694 2394 esse
1734 2340 2026 2393 formatos
2058 2343 2133 2390 nd
2165 2357 2325 2392 omne
2354 2360 2497 2408 opus
2527 2345 2623 2394 bo-

338 2431 494 2468 num.
583 2412 900 2464 Facessant
943 2427 1085 2481 ergo
1126 2409 1371 2463 insanae
1416 2411 1812 2464 fanaticorum
1852 2407 2165 2463 hominum
2205 2426 2419 2464 voces:
2453 2414 2457 2420 '
2486 2412 2621 2466 Ser-

340 2484 502 2537 viam
529 2481 758 2550 gloriae
785 2481 899 2533 Dei
918 2517 935 2548 ‚
982 2491 1048 2532 ut
1077 2481 1323 2532 Pharao.
1407 2481 1566 2550 Quid
1597 2478 1755 2531 enim
1782 2479 2063 2546 interest,
2116 2480 2295 2531 modo
2324 2479 2626 2546 glorifice-

338 2560 440 2605 tur
469 2552 627 2604 Deus
646 2548 672 2600 Ρ
760 2551 910 2601 Nam
944 2548 1041 2600 hic
1072 2558 1272 2616 aperte
1300 2549 1461 2600 Deus
1492 2548 1777 2616 ostendit,
1828 2547 2087 2618 qualiter
2117 2564 2230 2601 nos
2258 2546 2375 2601 sibi
2404 2549 2624 2603 servire
2712 2544 2719 2565 '

302 2635 319 2649 ·
340 2619 517 2687 velit,
561 2619 661 2687 pie
694 2616 929 2671 scilicet
950 2634 1019 2693 ac
1046 2626 1249 2669 sancte
1278 2616 1550 2670 vivendo.

509 2751 615 2814 22.
673 2747 1006 2813 Iuveniles
1037 2748 1444 2834 cupiditates
1474 2744 1668 2834 fuge3
1714 2766 1996 2833 sequere
2021 2758 2241 2813 autem
2270 2737 2625 2830 iustitiam,

340 2831 580 2911 fidem,
637 2829 1105 2909 dilectionem,
1159 2853 1394 2920 pacem
1442 2854 1594 2897 curn
1630 2836 1945 2901 omnibus
1979 2835 2447 2900 invocantibus
2473 2835 2626 2900 Do·-

340 2921 603 2984 minum
634 2938 719 2980 ex
746 2937 923 3004 puro
951 2917 1172 2981 corde.
1275 2921 1378 2981 23.
1441 2916 1695 2982 Stultus
1720 2938 1883 2983 vero
1917 2931 1985 2982 et
2011 2917 2384 2984 ineruditas
2411 2940 2621 3002 quae-

342 3008 600 3069 stiones
630 3004 805 3077 vita‚
844 3005 1097 3079 sciens,
1138 3000 1321 3086 quod
1347 3011 1672 3087 generant
1699 3020 1977 3088 pugnas·
2075 3004 2176 3066 24.
2233 3005 2439 3086 Atqui
2469 3022 2624 3070 ser·
2673 3068 2678 3073 .

340 3109 505 3158 vum
542 3086 821 3151 Domini
861 3107 997 3150 non
1040 3097 1312 3172 oportet
1399 3106 1678 3171 ugnare3
1733 3088 1854 3152 sed
1898 3085 2236 3234 placidum
2278 3107 2425 3152 esse
2457 3084 2629 3176 erga

344 3190 621 3248 omnes,
711 3178 1126 3257 propensum
1181 3171 1268 3234 ad
1369 3171 1739 3245 coendum,
1819 3183 1894 3234 to
1924 3181 2225 3235 erantem
2257 3173 2630 3251 malorum,

341 3258 449 3321 25.
497 3252 669 3320 Cum
695 3254 1210 3319 mansuetudine
1242 3254 1662 3333 erudientem
1690 3253 1821 3342 (vel
1850 3260 2281 3339 castigantem)
2315 3277 2430 3321 eos
2449 3303 2470 3335 ,
2514 3264 2631 3341 qui

345 3342 724 3415 obsistunt,
781 3340 840 3403 si
873 3338 1143 3423 quando
1188 3338 1302 3404 det
1347 3337 1485 3404 illis
1513 3339 1694 3403 Deus
1726 3342 2211 3427 poenitentiam
2241 3345 2309 3403 in
2337 3346 2663 3429 agnitio-1

344 3448 498 3490 nem
529 3424 870 3500 veritatis,
964 3425 1069 3487 26.
1125 3423 1215 3486 Et
1245 3426 1722 3503 excitationem
1750 3444 1787 3487 a
1816 3422 2058 3508 laqueo
2089 3422 2374 3504 diaboli,
2423 3431 2464 3489 ‘a
2492 3449 2629 3511 quo

344 3511 525 3599 capti
562 3517 884 3678 t3nentur
920 3506 1262 3595 adipsius
1302 3505 1720 3575 voluntatem
1770 3508 1902 3595 (vel
1933 3504 2221 3574 ‘reditum
2269 3517 2357 3575 ad
2404 3535 2632 3578 sanam

346 3609 608 3660 mentem
638 3640 654 3657 .

482 3708 569 3760 22.
654 3708 942 3761 Iuveniles
983 3708 1356 3775 cupiditates.
1441 3707 1761 3767 Conclusio
1805 3707 2213 3778 superiorum;
2269 3726 2407 3791 nem
2451 3719 2635 3781 quum

347 3778 508 3831 facta
541 3775 802 3830 inanium
835 3776 1247 3847 quaestionum
1280 3778 1583 3831 mentione
1611 3795 1716 3845 per
1738 3777 1891 3831 hanc
1918 3779 2289 3832 occasionem
2321 3779 2394 3831 ad
2419 3792 2634 3835 notan·

347 3846 453 3897 dos
483 3846 898 3912 Hymenaeum·
927 3855 988 3898 et
1013 3846 1308 3898 Philetum
1349 3846 1625 3914 delapsus
1669 3852 1860 3914 esser,
1909 3862 2056 3915 quos
2091 3846 2343 3902 ambitio
2385 3858 2448 3900 et
2488 3868 2637 3905 vana

351 3912 667 3967 curiositas
708 3930 741 3964 a
778 3924 941 3979 reeta
979 3914 1096 3966 fide
1134 3916 1491 3967 abduxerat:
1545 3914 1767 3968 iterum
1793 3915 2073 3968 hortatur
2104 3915 2526 3984 Timotheum,
2568 3928 2634 3972 ut

348 4001 386 4036 a
428 3986 594 4051 peste
629 3986 765 4033 tam'
790 3984 967 4034 noxia
1010 3984 1326 4035 abstineat.
1403 3987 1594 4051 Atque
1633 3983 1692 4033 in
1732 3983 1894 4035 hunc
1928 3984 2109 4038 finem
2131 3984 2405 4038 ‘vitandas
2429 3988 2633 4040 admo-

348 4059 457 4103 net
494 4049 784 4103 iuveniles
823 4051 1204 4119 cupiditates,
1255 4067 1370 4120 quo
1397 4051 1640 4112 nomine
1663 4068 1784 4105 non
1812 4052 2104 4122 intelligit
2132 4053 2227 4105 vel
2260 4054 2633 4122 proterviam

348 4119 415 4172 in
444 4135 722 4171 venerem
740 4156 757 4183 ‚
807 4119 904 4170 vel
928 4119 1071 4173 alias
1096 4129 1298 4189 turpes
1326 4118 1602 4172 lascivias
1620 4156 1638 4186 ,
1692 4120 1788 4171 vel
1818 4120 2130 4175 dissolutas
2157 4121 2472 4188 libidines,
2508 4124 2631 4193 qui-

328 4188 460 4241 ·bus
497 4196 564 4240 ut
602 4188 922 4255 plurimum
963 4186 1210 4242 iuvenes
1252 4187 1563 4251 laborant;
1615 4188 1727 4242 'sed
1769 4191 1994 4259 quosvis
2031 4189 2324 4258 impetus,
2374 4191 2448 4243 ad
2488 4210 2633 4261 quos

347 4254 640 4311 fervidior
666 4255 771 4308 illa
800 4266 956 4308 aetas
982 4257 1115 4323 plus
1141 4272 1330 4336 aequo
1406 4273 1665 4325 repensa
1692 4267 1798 4309 est.
1872 4257 1933 4312 Si
1974 4258 2140 4329 quod¹
2173 4269 2475 4313 certamen
2511 4278 2631 4313 mo·

348 4337 480 4377 tum
518 4324 739 4392 fuerit,
790 4324 978 4377 multo
1016 4323 1196 4380 citius
1236 4340 1372 4376 mea
1399 4335 1609 4379 escunt
1647 4326 1891 4378 iuvenes
1925 4344 2110 4396 quam·
2129 4336 2398 4383 maturae
2426 4329 2633 4383 aetatis

349 4393 500 4460 viri,
547 4392 790 4449 facilius
829 4392 1188 4462 irritantur,
1217 4395 1481 4469 ¹saepius
1510 4392 1800 4463 labuntur
1829 4391 2135 4466 imperitia
2153 4433 2182 4479 ,.
2212 4397 2435 4451 maiore
2463 4398 2632 4451 etiam

1101 4544 1115 4580 ι
1785 4572 1838 4604 a.

404 4628 429 4655 A
