2820 4895
2270 234 2279 250 ι
2339 201 2471 293 575,

171 333 516 426 omnibus
542 320 705 426 fere
729 351 1056 461 vulgaris
1084 351 1271 426 haec
1299 290 1679 450 professio
1696 366 1844 446 est,
1899 354 2170 427 Christi
2204 379 2284 427 se
2311 356 2464 424 im·-

167 460 388 550 perio
441 480 740 550 parere:
807 460 1228 549 paucissimi
1271 472 1516 529 tamen
1564 470 1769 543 sunt,
1833 460 1957 548 qui
1997 483 2197 547 eam,
2245 479 2462 550 quam

166 563 484 647 iactant,
533 559 1021 630 obedientiam
1056 559 1165 628 illi
1195 571 1653 651 praestent.·
1644 558 1784 627 ·Id
1831 570 2073 629 autem
2121 582 2269 629 non
2314 556 2462 626 ali—
2504 564 2507 571 ”

166 673 292 735 ter
325 660 430 748 fit,
484 683 701 750 quam
733 661 982 730 ubitad
1017 672 1301 731 certum
1332 666 1602 734 Sacrae
1635 663 1790 731 eius
1822 661 2200 731 doctrinae
2231 682 2460 754 prae-

169 765 526 881 scriptum
574 775 724 832 tota
770 765 1236 855 componitur
1278 764 1566 857 religio.
1683 763 1833 832 Hic
1866 787 2047 833 vero
2078 773 2463 854 emergunt

169 869 348 935 miri
381 864 784 955 conflictus,
826 864 998 934 dum
1027 864 1362 936 homines
1392 890 1543 935 non
1572 834 1920 959 superbia
1948 866 2172 934 modo
2200 865 2457 954 inflati,

170 966 307 1038 scd
339 966 809 1058 prodigiosa
787 969 1072 1035 msania
1101 965 1477 1057 fascinati,
1527 970 1767 1039 minus
1799 969 2174 1075 perpetuis
2205 956 2463 1035 coele-⁶

172 1072 305 1140 stis
336 1065 671 1162 Magistri
713 1069 1026 1138 oraculis
1046 1119 1067 1157 ‚
1133 1092 1349 1160 quam
1377 1019 1716 1139 inanibus
1745 1072 1894 1139 suis
1924 1058 2283 1161 figmentis
2317 1067 2456 1136 de·-

170 1169 450 1240 ferunt.
583 1169 773 1240 Nam
817 1194 1283 1261 quoscunque
1331 1172 1730 1244 obtendant
1777 1162 2101 1262 colores,
2186 1171 2311 1262 qui
2363 1169 2457 1238 ad

169 1297 311 1343 nos
360 1273 890 1366 oppugnandos
946 1296 1264 1374 operam
1296 1297 1500 1349 suam
1556 1273 1801 1344 locant
1848 1272 2186 1343 Romano
2231 1264 2477 1366 Anti-⁴3
2516 1295 2520 1302 ·

172 1376 488 1445 christo.
539 1375 663 1444 hic
693 1376 1017 1444 omnium
1050 1377 1621 1466 contentionum,
1674 1374 1989 1468 quibus
1966 1399 2111 1445 iam
2140 1397 2279 1467 per
2306 1374 2455 1443 tri-
2512 1420 2518 1437 ,

170 1480 376 1572 ginta
408 1501 634 1545 annos
668 1488 819 1547 tam
848 1480 1115 1548 acriter
1146 1490 1414 1571 vexata
1447 1493 1558 1549 est
1586 1479 1958 1563 Ecclesia,
2022 1475 2190 1547 fons
2228 1499 2454 1568 repe-

171 1584 479 1665 rietur‚¹
520 1578 755 1671 quod,
824 1574 947 1671 qui
982 1582 1204 1672 primi
1236 1582 1435 1650 inter
1466 1580 1740 1652 Christi
1773 1579 2166 1674 discipulos
2196 1576 2457 1648 haberi

169 1680 474 1769 volunt,
540 1683 704 1750 eius
745 1704 823 1750 se
868 1681 1243 1752 doctrinae
1278 1683 1641 1755 subiicere
1674 1702 1820 1752 non
1854 1685 2230 1753 sustinent.
2337 1680 2455 1750 Eo
2542 1680 2547 1681 ⁷

171 1807 406 1874 usque
450 1794 775 1875 grassata
821 1796 929 1854 est
963 1796 1132 1861 ‚tum
1181 1786 1526 1874 ambitio,
1586 1799 1747 1858 tum
1791 1785 2131 1875 audacia,
2180 1796 2279 1859 ut
2318 1782 2454 1852 sub
2502 1824 2515 1851 -.

171 1887 577 1955 innumeris
609 1886 1005 1963 mendaciis
1039 1886 1326 1978 sepulta
1356 1886 1580 1957 lateat
1594 1888 1742 1958 Dei
1774 1889 2073 1975 veritas,
2104 1899 2187 1957 ut
2212 1887 2457 1955 omnia

175 1990 337 2055 eius
370 1989 698 2059 instituta
726 1970 1169 2057 foedissimis
1203 1988 1645 2087 corruptelis
1678 1991 1857 2059 sint
1864 1991 2272 2081 inquinata,
2330 1988 2456 2062 vi·-

174 2090 396 2163 tiatus
450 2090 662 2159 omni
692 2112 790 2158 ex
837 2099 1048 2180 parte
1096 2091 1253 2168 eius
1304 2089 1581 2177 cultus,
1651 2088 1909 2181 eversa
1950 2093 2249 2183 penitus
2279 2088 2458 2163 fidei

176 2192 592 2283 doctrina,··
634 2189 1774 2264 adulteratus*Sacramentorum
1826 2215 2038 2281 usus,
2120 2193 2456 2285 regimen

173 2292 557 2370 Ecclesiae
600 2294 680 2361 in
724 2293 1109 2364 barbaram
1162 2296 1630 2386 tyrannidem
1688 2317 2166 2379 conversum,
2220 2291 2458 2363 foeda

172 2418 559 2470 sacrorum
606 2397 931 2472 omnium
974 2397 1413 2483 nundinatio
1454 2397 1822 2486 instituta,
1888 2396 1977 2465 atl
2029 2396 2456 2488 effrenatam

175 2501 572 2589 impiorum
612 2500 1080 2590 tyrannidem
1119 2499 1457 2571 traducta
1502 2501 1596 2572 sit
1635 2498 1908 2570 Christi
1951 2509 2314 2591 potestas,
2373 2499 2457 2567 in

175 2599 719 2680 Christianismi
770 2599 1017 2671 locum
1059 2599 1469 2671 horrenda
1482 2613 1557 2674 et
1601 2601 2071 2698 crassissimis
2117 2599 2462 2672 ludibriis

165 2703 402 2796 plena
427 2725 680 2774 rerum
708 2703 1030 2781 omnium
1065 2701 1489 2796 profanatio
1517 2702 1846 2775 subierit.
1966 2689 2108 2772 His
2141 2702 2317 2778 dum
2349 2712 2463 2775 tot

130 2875 150 2885 ,,
178 2830 273 2876 ac
300 2816 463 2899 tam
509 2806 877 2878 atrocibus
926 2805 1136 2874 malis
1177 2829 1406 2876 unum
1448 2803 1822 2875 afferimus
1861 2799 2316 2894 remedium,
2376 2814 2463 2875 ut

91 2895 118 2982 ἶ
149 2873 507 3004 tloquenti
540 2929 581 2974 e
616 2894 843 2975 coelis
867 2908 1016 2978 Dei
1045 2906 1241 2994 Filio
1276 2893 1544 2978 detur
1522 2931 1597 2977 ιιι
1630 2909 1851 3000 terris
1870 2909 2282 2976 audientia.
2334 2907 2461 2974 in·-

159 2993 483 3100 ,surgunt
532 3003 942 3104 extemplo
952 3013 1210 3103 magni
1238 3011 1362 3079 isti
1407 2994 1775 3110 Atlantes,
1838 3033 1987 3126 non
2024 3013 2159 3112 qui
2188 3006 2461 3079 Eccle-
2500 3043 2507 3048 -

177 3112 365 3181 siam
406 3109 748 3198 humeris
780 3106 1128 3198 fulciant,
1198 3111 1330 3184 'sed
1370 3112 1499 3218 qui
1550 3097 1975 3181 confictum
1966 3135 2020 3179 3
2057 3133 2137 3179 se
2178 3105 2461 3181 idolum
2508 3155 2511 3162 ,
2614 3114 2629 3127 ‘

86 3289 91 3294 ,
174 3215 389 3284 vanis
446 3188 823 3302 titulorum
887 3212 1230 3308 ampullis
1280 3205 1378 3289 in
1416 3198 1768 3287 subhme
1772 3202 2175 3283 efferant.
2209 3211 2464 3282 Hunc

173 3337 409 3407 porro
438 3325 583 3383 tam
619 3317 891 3385 acriter
922 3314 1136 3386 nobis
1169 3293 1621 3411 reclamandi
1652 3290 2141 3434 praeter-timi
2162 3314 2460 3403 habent,

89 3405 96 3418 ⁸
174 3417 379 3507 quod
423 3429 696 3507 pacem
725 3430 1132 3516 statumque
1166 3407 1544 3486 Ecclesiae
1584 3419 1839 3516 ndstra
1869 3407 2460 3535 interpellatione

174 3517 570 3587 turbamus.
689 3518 845 3587 Ubi
890 3521 979 3588 ad
1028 3498 1535 3611 cognitionem
1568 3519 1867 3623 ventum
1910 3532 2056 3607 est,
2076 3515 2461 3612 ingeniosi

175 3617 496 3687 artifices
539 3617 946 3691 Ecclesiam
979 3623 1203 3690 nobis
1246 3623 1593 3714 pingunt,
1667 3627 1850 3712 quae
1904 3613 2129 3694 totam
2181 3619 2462 3716 guber-

174 3721 403 3788 nandi
437 3722 798 3791 rationem
832 3747 874 3790 a
909 3723 1203 3814 Chrsisto
1235 3733 1646 3816 separatam
1678 3711 2138 3813 alienamque
2169 3719 2455 3802 habeat.

169 3822 350 3892 Hoc
383 3835 623 3892 autem
652 3826 830 3915 quid
859 3826 1058 3908 aliud
1091 3837 1239 3913 est,
1282 3849 1496 3916 quam
1531 3821 1887 3894 nefariam
1920 3849 2002 3893 ae
2033 3826 2463 3917 sacrilegam

176 3926 515 4016 corpor-is
554 3948 596 3990 a
630 3951 766 3994 suo
796 3931 1033 4018 capite
1069 3925 1556 3997 divulsionem
1598 3920 1895 3994 moliri?
1994 3926 2193 3997 Hine
2242 3951 2496 4018 quarn'

175 4024 453 4102 frivola
498 4027 592 4118 sit
644 4029 838 4119 apud
884 4030 1145 4098 multos
1182 4028 1721 4116 Christianismi
1765 4029 2102 4097 iactantia
2129 4080 2153 4114 ‚
2207 4029 2460 4118 liquet,

174 4133 785 4228 quumpmaxima
835 4156 1007 4221 pars
1057 4130 1248 4199 nihil
1291 4133 1794 4220 minusquam
1844 4154 2030 4222 pura
2074 4129 2463 4221 Evangelii

155 4233 512 4300 ‘doctrina
546 4232 712 4326 regi·
736 4255 815 4301 se
846 4235 1183 4323 patiatur.
1292 4233 1520 4319 Quod
1549 4256 1731 4303 vero
1755 4235 2134 4325 agnoscis,
2187 4257 2229 4300 o
2264 4232 2462 4318 Rex,

176 4347 268 4408 ut
293 4335 655 4426 integram
689 4336 898 4429 regni
932 4337 1045 4407 sui
1081 4337 1614 4429 possessionem
1645 4334 1860 4406 adeat
1895 4334 2272 4425 Christus,
2338 4357 2462 4402 se-
2536 4399 2561 4414 .,
