2820 4895
767 254 924 361 *An
992 251 1347 322 TITUM
1419 204 1578 320 cii.
1624 255 1676 321 1.
1741 255 1825 320 11.
2328 260 2453 324 351

151 429 259 497 fit,
325 437 423 493 ut,
482 442 638 495 quae
676 425 800 477 alta
844 435 980 477 sunt
1023 424 1388 489 hominibus,
1450 423 1817 481 abominatio
1870 423 1997 478 sint
2040 440 2244 478 coram
2291 424 2446 499 ipsos
2477 412 2489 425 .

155 501 329 552 Mene
356 494 1075 565 intellectumjsignisicat,
1105 495 1474 563 ‘conscientia
1502 495 1690 560 magis
1720 494 1792 547 ad
1821 495 2009 546 cordis
2038 495 2287 547 affectus
2313 511 2451 564 per?

151 567 335 619 tinet.
407 567 542 618 Duo
571 574 772 617 autem
798 563 899 615 hic
921 562 1058 632 sunt
1085 564 1375 615 notanda:
1429 579 1499 614 ex
1527 563 1756 615 sincero
1787 563 1979 616 cordis
2008 564 2449 625 affectuhomi-

151 652 296 687 nem
340 633 645 685 aestimari
683 633 840 700 apud
881 633 1104 696 Deum,
1160 647 1283 682 non
1319 631 1607 698 operibus
1644 634 1934 695 externis3
1995 633 2206 685 deinde
2252 641 2447 687 tantas

155 722 285 757 esse
314 700 690 754 infidelitatis
718 701 968 766 sordes,·
1001 710 1068 753 ut
1092 715 1210 751 non
1240 699 1552 752 hominem
1580 701 1759 753 modo
1787 700 2099 765 inficiant,
2150 702 2253 755 sed
2321 702 2446 767 uip-

67 814 76 817 ›
151 773 298 842 quid
349 773 529 824 etiam
584 778 885 822 attrectat.
911 793 933 817 x
972 770 1102 837 Qua
1139 770 1211 821 de
1248 785 1316 819 re
1352 768 1591 837 legatur
1632 778 1810 836 caput
1843 771 2067 839 Aggaei
2106 787 2284 823 secun
2330 787 2450 827 um.

152 842 304 894 Ideo
335 842 478 894 alibi
502 841 572 906 (Ι.
590 841 743 891 Tim.
767 836 914 904 4,5.)
944 838 1123 889 docet
1138 837 1378 903 Paulus,
1407 838 1616 890 Verbo
1640 837 1810 891 nohis
1833 838 2195 892 sanctificari
2227 840 2448 908 omnia,

152 911 302 979 quia
340 909 494 962 nihil
532 920 682 976 pure
723 917 1016 975 usurpant
1054 906 1365 971 homines,
1415 906 1531 959 nisi
1567 907 1727 975 quod
1765 923 1799 959 e
1836 923 2016 964 manu
2040 905 2297 981 Deinfide
2320 925 2448 962 sus·

151 980 211 1032 ci
260 980 413 1032 iunt.
799 1026 804 1029 .
1366 997 1381 1011 ·
1786 1026 1790 1031 .
2278 1014 2283 1017 ,
2314 1011 2321 1015 -
2348 1012 2355 1017 -

218 999 255 1049 P
297 1048 380 1100 16.
455 1048 639 1098 Deum
664 1046 1019 1113 profitentur
1042 1061 1103 1094 sc
1131 1052 1319 1096 nosse.
1360 1044 1642 1103 =Tractat
1670 1061 1805 1110 eoa,
1839 1052 1906 1105 ut
1930 1054 2273 1110 meremini
2303 1038 2447 1105 nam

152 1116 542 1185 hypocritae,
579 1113 967 1184 qui-minutis
999 1112 1525 1166 observationibus
1548 1113 1860 1178 insistunt,
1909 1132 2059 1183 quae
2085 1115 2444 1185 praecipuae

152 1196 329 1239 erant
356 1183 727 1236 Christianae
772 1183 926 1250 vitae
959 1190 1199 1250 partes,
1251 1198 1461 1235 secure
1502 1190 1909 1235 contemnunt.
1981 1184 2077 1235 Ita
2102 1183 2204 1251 fit,
2238 1193 2321 1234 >ut
2342 1201 2445 1247 va-

151 1254 404 1309 nitatem
443 1270 608 1306 suam
644 1252 934 1320 prodant,
984 1250 1123 1302 dum
1150 1250 1213 1300 in
1239 1251 1458 1316 apertis
1490 1250 1732 1317 flagitiis
1764 1261 2013 1319 apparet
2035 1252 2152 1305 Dei
2181 1248 2444 1305 contem-

151 1331 315 1392 ptus.
383 1323 462 1374 Et
485 1322 599 1383 hoc
626 1330 744 1386 est,
781 1323 938 1390 quod
964 1317 1251 1387 intelligit
1274 1318 1493 1371 Paulus
1512 1337 1544 1371 :.-
1567 1318 1671 1387 qni
1698 1319 1906 1375 inuua
1937 1320 2051 1373 cibi
2075 1323 2273 1390 specie
2296 1339 2446 1375 con·

149 1392 416 1445 tinentes
453 1390 647 1444 videri
690 1390 932 1452 volunt,
985 1389 1426 1449 contumaciter
1459 1386 1648 1453 (velut
1674 1405 1920 1442 excusso
1946 1393 2117 1459 iugo)
2142 1390 2443 1459 lascivire,

150 1460 360 1514 foedos
400 1470 461 1513 et
496 1458 805 1527 nequitiae
841 1459 1044 1526 plenos
1083 1473 1209 1508 esse
1253 1455 1527 1524 ipsorum
1564 1472 1796 1524 mores,
1843 1457 2078 1513 nullam
2100 1458 2161 1513 in
2183 1470 2312 1512 tota
2342 1476 2448 1511 eo·

150 1547 290 1585 rum
322 1531 440 1583 vita
468 1529 701 1581 virtutis
732 1526 1047 1581 scintillam
1074 1526 1362 1595 spectari.

945 1604 953 1625 ι

1079 1730 1467 1846 ᾨΑΡ.Π.

159 1902 214 1960 1.
277 1863 410 1957 Tu
438 1913 599 1959 vero
622 1890 939 1976 loquere,
980 1911 1151 1976 quae
1183 1891 1426 1955 decent
1454 1909 1683 1956 sanam
1712 1876 2110 1958 docti-inam.
2198 1896 2260 1958 2.
2305 1895 2440 1960 Se·-

149 1999 274 2044 nes
304 1991 381 2043 ut
410 1979 620 2061 sobrii
647 1982 809 2055 sint,
852 1997 1110 2062 graves,
1152 1980 1630 2062 temperanteS,
1669 1982 1814 2041 sani
1843 1975 2006 2054 fide,
2049 1976 2440 2060 dilectione,
2514 1992 2522 2015 “

145 2069 495 2153 patientia.
591 2067 650 2128 8.
705 2062 894 2125 Anus
939 2060 1253 2126 similiter
1292 2073 1369 2123 ut
1412 2064 1548 2124 sint
1588 2066 1659 2122 in
1701 2062 1933 2126 habitu
1970 2063 2282 2148 religiose
2311 2064 2440 2129 de-

148 2170 353 2226 coro,
407 2169 544 2211 non
592 2145 1161 2223 calumniatrices,
1218 2167 1356 2208 non
1394 2143 1612 2209 multo
1657 2149 1812 2210 vino
1855 2151 2273 2225 servienteS,
2300 2148 2440 2213 ho-
2490 2204 2493 2205 γ

144 2237 329 2298 nesti
374 2235 764 2316 magistrae,
864 2232 927 2295 4.
987 2231 1146 2313 Quo
1181 2222 1717 2301 adolescentulas
1753 2238 2267 2320 temperantiam
2303 2236 2439 2298 do—

54 2395 61 2402 „
148 2332 387 2396 ceant,
440 2328 519 2379 ut
551 2327 778 2383 ament
818 2321 1099 2380 maritos
1144 2328 1211 2379 et
1246 2315 1541 2390 liberos,
1638 2319 1698 2380 5.
1761 2318 1915 2381 Sint
1957 2328 2440 2404 temperantes,

144 2424 364 2493 purae
395 2400 635 2467 domus
668 2402 984 2467 custodes
1001 2409 1036 2480 ’,-
1065 2400 1427 2487 benignae,
1472 2400 1812 2467 subiectae
1846 2404 1988 2469 suis
2015 2406 2310 2481 maritis,
2352 2425 2441 2469 ne

144 2509 372 2556 sermo
401 2488 527 2551 Dei
553 2484 729 2551 male
758 2490 1004 2552 audiat.
1087 2547 1090 2550 ,
1127 2504 1135 2513 “
2158 2505 2161 2508 ·
2224 2495 2229 2504 ’
2428 2503 2436 2522 ·

293 2627 344 2679 1.
425 2624 510 2677 Tu*
547 2641 678 2675 vero
715 2625 967 2694 loquere.
1055 2622 1407 2677 Remedium
1446 2622 1743 2692 abigendis
1779 2620 2000 2674 sahulis
2042 2621 2339 2688 ostendit,
2371 2632 2439 2674 ut

143 2693 328 2748 Titus
371 2694 767 2747 aedificationi
809 2694 1055 2751 insistat.
1136 2695 1349 2744 Sanam
1389 2692 1545 2745 enim
1584 2693 1912 2742 doctrinam
1953 2690 2250 2769 appellat,
2286 2707 2438 2759 quae
2506 2703 2513 2716 s

145 2764 227 2815 ad
272 2768 548 2833 pietatem
587 2762 825 2814 erudire
866 2761 1142 2814 homines
1184 2763 1421 2830 potest.-
1487 2763 1861 2813 Evanescunt
1893 2776 2053 2811 enim
2089 2767 2295 2810 omnes
2320 2778 2436 2813 ‘nu-

141 2846 296 2903 gae,
343 2851 522 2905 quum
544 2832 637 2893 id,
689 2832 844 2900 quod
869 2833 1124 2882 solidum
1154 2835 1274 2895 est,
1323 2830 1603 2882 traditur.
1684 2829 1873 2880 Porro
1901 2829 2040 2880 dum
2066 2826 2235 2896 loqui
2265 2845 2437 2896 prae·

143 2900 340 2972 cipit,
391 2919 541 2971 quae
583 2918 760 2952 sanae
799 2895 1109 2952 doctrinae¹
1144 2899 1535 2965 conveniunt,
1586 2898 1831 2966 perinde
1862 2897 2052 2959 valet,
2107 2914 2176 2948 ac
2205 2898 2252 2948 si
2282 2899 2439 2949 dice-

139 2980 267 3033 ret,
304 2979 583 3041 oportere
612 2969 678 3019 in
708 2969 822 3020 hac
850 2969 1296 3036 praedicatione
1321 2969 1522 3019 Titum
1552 2985 1674 3019 esse
1701 2967 2023 3028 assiduum3
2060 2966 2437 3036 nequeenim

141 3043 461 3095 sufficeret
484 3038 664 3092 semel
696 3049 798 3089 aut
825 3037 1042 3088 iterum
1068 3037 1202 3094 fieri
1229 3036 1481 3087 istarum
1512 3052 1714 3088 rerum
1742 3037 2126 3087 mentionem.
2200 3034 2275 3085 Et
2290 3036 2438 3086 Pau-

137 3111 240 3164 lus
282 3127 402 3161 non
440 3110 512 3161 de
553 3107 730 3160 unius
766 3104 889 3157 diei
927 3122 1201 3160 sermone
1240 3106 1395 3172 agit,
1437 3106 1538 3156 sed
1570 3105 1855 3174 quamdiu
1882 3105 2141 3156 Pastoris
2206 3103 2437 3155 fficium

138 3190 287 3250 aget
309 3179 514 3242 Titus,
549 3178 676 3229 vult
700 3176 763 3226 in
791 3175 904 3227 hac
932 3174 1203 3227 doctrina
1236 3174 1540 3239 occupari.
1615 3173 1765 3225 Sana
1797 3172 2076 3226 doctrina
2106 3170 2163 3223 di
2206 3173 2331 3223 itur
2360 3171 2434 3224 ab

140 3250 404 3313 effectu,
443 3243 935 3316 quemadmodum
962 3259 996 3294 e
1023 3258 1309 3294 converso
1342 3241 1527 3307 dicit,
1578 3242 1853 3295 homines
1882 3241 2129 3310 ineptos,
2150 3236 2439 3309 languere
2468 3301 2474 3317 ἶ

140 3322 316 3372 circa
348 3314 758 3385 quaestiones,
799 3327 948 3381 qnae
975 3311 1133 3364 nihil
1160 3321 1432 3380 prosunt.
1518 3313 1668 3364 Sana
1699 3327 1843 3380 ergo
1874 3310 2185 3376 Salubrem
2209 3310 2436 3378 signifi-

137 3397 281 3453 cat,
318 3402 469 3455 quae
496 3385 726 3438 animas
755 3398 895 3434 vere
925 3378 1133 3448 pascit.
1202 3382 1363 3447 Ergo
1393 3380 1504 3432 hac
1534 3395 1649 3432 una
1677 3397 1824 3432 voce
1837 3416 1865 3446 ‚x
1893 3393 2170 3459 tanquam
2202 3380 2435 3431 solenni

135 3456 394 3520 edicto,
456 3450 888 3520 speculationes
937 3466 1177 3515 omnes,
1235 3465 1395 3517 ⁴quae
1456 3447 1849 3501 ostentationi
1904 3457 2177 3500 serviunt
2231 3447 2450 3520 magis,¹

138 3541 326 3596 quam
357 3523 635 3588 pietatem
663 3521 874 3572 iuvent
892 3556 909 3584 ,
953 3515 1025 3570 ab
1053 3518 1321 3571 Ecclesia
1347 3518 1745 3586 exterminat,
1791 3517 1966 3571 sicuti
1996 3517 2057 3568 in·
2085 3518 2347 3585 utraque·
2363 3518 2436 3568 ad

136 3592 421 3647 Timoth.
439 3592 601 3658 epist.
619 3590 782 3642 fecit.
824 3589 1015 3641 Sanae
1044 3604 1184 3638 vero
1212 3587 1523 3638 doctrinae
1552 3588 1696 3639 duas
1723 3586 1869 3638 facit
1888 3594 2120 3653 partes:
2159 3585 2433 3651 alteram,

137 3679 265 3733 qua
281 3661 391 3712 Dei
420 3659 623 3728 gratia
650 3659 714 3707 in
733 3657 969 3708 Christo
995 3657 1462 3721 commendetur,
1498 3655 1650 3708 unde
1674 3656 1950 3720 sciamus,
1989 3654 2231 3705 ubinam
2257 3669 2435 3723 quae·

137 3730 331 3785 renda
357 3731 432 3780 sit
457 3728 648 3790 salus;
683 3726 962 3786 alteram,
1002 3741 1117 3793 qua
1142 3726 1444 3777 formetur
1473 3723 1595 3774 vita
1624 3724 1698 3776 ad
1724 3720 2140 3776 timorem'Dei
2173 3733 2231 3773 et
2255 3723 2434 3775 inno-

77 3801 88 3806 *
139 3800 431 3852 centiam.
502 3794 767 3848 Tametsi
794 3803 994 3847 autem
1022 3794 1193 3860 prior
1223 3793 1325 3843 illa
1344 3830 1361 3857 ,
1400 3810 1553 3861 quae
1583 3791 1757 3844 fidem
1783 3791 2052 3843 continet
2070 3827 2087 3856 ,
2124 3791 2303 3858 longe
2329 3809 2434 3843 an*

135 3866 404 3932 recellit,
438 3863 687 3932 ideoque
715 3861 909 3914 studio
941 3864 1167 3915 maiore
1190 3861 1550 3914 inculcanda
1581 3870 1702 3912 est:
1740 3858 1957 3911 Paulus
1987 3869 2207 3926 tamen,
2248 3876 2433 3930 quum

138 3938 218 3991 ad
260 3935 464 3988 Titum
513 3932 837 3997 scriberet,
902 3930 964 3981 in
1014 3930 1300 3992 servando
1355 3931 1561 3981 ordine
1606 3927 1897 3982 sollicitus
1937 3927 2234 3982 nonfuit.
2328 3929 2436 3982 Est
2488 3989 2493 3992 ,

137 4005 310 4059 enim
338 4003 435 4055 illi
463 4019 601 4055 cum
631 3998 827 4069 perito
853 3999 1095 4051 homine
1120 3999 1468 4067 negotium,
1515 3996 1610 4049 cui
1636 3995 1919 4049 iniuriam
1942 3998 2203 4063 faceret,
2252 3998 2311 4050 si
2344 3996 2434 4049 illi

137 4072 380 4142 singula
406 4072 692 4134 dictaret,
736 4078 803 4120 ut
826 4068 1075 4130 novitiis
1105 4078 1210 4120 aut
1235 4065 1533 4119 tironibus
1563 4063 1697 4118 fieri
1723 4066 1892 4117 solet.
1930 4117 1935 4122 ,
1972 4067 2168 4119 Docet
2196 4066 2433 4134 quidem

142 4144 255 4197 sub
286 4141 407 4198 Titi
444 4155 702 4208 persona
743 4145 929 4189 totam
959 4138 1306 4189 Cretensem
1337 4135 1698 4194 Ecclesiam3
1749 4135 2030 4190 decorum
2067 4133 2266 4190 tamen
2310 4139 2435 4186 ser's

141 4220 279 4275 vat,
317 4226 391 4261 ne
414 4207 682 4264 diffidere
711 4207 833 4257 eius
859 4206 1210 4273 prudentiae
1237 4203 1518 4256 videatur..
1604 4204 1918 4255 Praeterea
1957 4197 2016 4254 in
2056 4202 2433 4258 exhortatio-

139 4279 316 4331 nibus
352 4278 493 4331 ideo
535 4286 623 4328 est
657 4272 937 4353 longior,
989 4274 1124 4342 quia
1149 4271 1468 4340 praecipue
1496 4270 1569 4324 ad
1598 4281 1838 4324 sanctae
1869 4282 1929 4323 et
1958 4272 2240 4323 honestae
2273 4271 2432 4323 vitae

139 4346 404 4400 studium
443 4344 774 4398 ‘revocandi
833 4353 1036 4407 erant,
1098 4339 1201 4411 qui
1254 4340 1462 4394 otiosis
1509 4349 1742 4392 tantum
1787 4339 2220 4412 quaestionibus
2263 4350 2434 4393 erant

137 4417 384 4468 intenti.
472 4412 643 4466 Nihil
689 4412 849 4464 enim
892 4420 1009 4477 est,
1058 4411 1213 4480 quod
1258 4426 1467 4479 vagam
1507 4409 1816 4464 hominum
1854 4408 2265 4464 curiositatem
2303 4424 2430 4460 me-

2506 4327 2517 4360 R
2550 4343 2553 4346 .
