2820 4895
1823 154 1839 179 ἱ

325 289 458 357 856
655 334 714 363 „
889 286 998 353 ιΝ
1069 236 1684 354 ΕΡιεΤοιΑιέ
1760 270 2084 354 mum

2420 266 2425 289 ἐ

343 455 673 523 stinctionis
714 465 889 509 causa
926 473 962 510 a
990 456 1169 509 Paulo
1199 455 1432 511 dicatur
1461 457 1712 525 Magnus
1738 457 1914 508 Deus.
1956 449 2306 517 ‚orthodoxi
2335 448 2631 504 Ecclesiae

344 530 612 580 doctores
630 565 647 593 ,
684 536 747 579 ut
775 526 1140 580 obstruerent
1166 528 1391 580 aditum
1418 527 1557 578 huic
1589 526 1915 579 calumniae
1933 560 1950 591 ,
1982 522 2366 574 vehementer
2396 528 2630 574 conten·

345 598 585 658 derunt,
637 606 942 668 utrumque
982 597 1053 648 de
1084 596 1315 650 Christo
1355 595 1703 667 praedicari.
1800 594 2009 646 Verum
2052 594 2281 644 brevius
2324 601 2383 643 et
2423 592 2633 644 certius

345 670 612 721 refellere
650 667 790 720 licet
829 670 1132 734 Arrianus,
1201 669 1338 736 quia
1375 668 1618 735 Paulus,
1673 665 1741 717 de
1786 660 2151 717 revelatione
2217 654 2400 713 loriae
2437 662 2635 730 Magni

348 739 463 792 Dei
487 740 791 806 loquutus,
829 753 963 789 mox
999 737 1290 788 Christum
1321 737 1611 803 adiunxit,
1652 742 1715 787 ut
1743 738 2056 802 sciremus,
2094 734 2154 784 in
2226 733 2353 795 uius
2388 742 2637 800 persona

349 807 478 861 fore
505 808 664 859 illam
690 809 907 877 gloriae
933 808 1384 876 revelationem,
1427 824 1495 858 ac
1535 804 1583 857 si
1627 807 1880 872 diceret,
1921 806 2021 855 ubi
2050 803 2313 855 Christus
2353 817 2638 872 apparue-

351 880 468 944 rit,
506 886 645 929 tunc
678 878 1033 945 patefactum
1079 879 1245 929 nobis
1284 879 1361 929 iri
1399 877 1631 928 divinae
1673 877 1895 945 gloriae
1936 874 2417 944 magnitudinem.
2488 873 2643 923 Hinc

353 944 624 1000 discimus
658 951 941 1015 primum,
978 946 1125 997 nihil
1154 962 1309 1013 esse,
1350 949 1505 1016 quod
1532 964 1635 998 nos
1670 948 1741 998 ad
1780 945 2035 998 studium
2076 944 2225 996 bene
2265 941 2477 1010 agendi
2520 942 2638 993 ala—

343 1022 574 1081 jcriores
602 1019 840 1084 reddat,
880 1033 1055 1087 quam
1079 1034 1238 1084 spem
1264 1017 1494 1070 futurae
1522 1016 1994 1078 resurrectionis3
2034 1015 2245 1065 deinde
2272 1016 2335 1064 in
2360 1014 2518 1064 hanc
2547 1012 2644 1061 de·-

351 1090 491 1141 bere
516 1104 742 1156 semper
773 1104 894 1138 esse
922 1088 1176 1138 intentos
1202 1087 1436 1161 fideles,
1490 1101 1565 1138 ne
1602 1089 1663 1139 in
1706 1097 1866 1138 recto
1911 1098 2084 1138 cursu
2118 1084 2476 1151 fatigentur3
2530 1081 2642 1132 nisi

354 1156 511 1211 ‘enim
554 1161 663 1209 toti
699 1159 835 1210 inde
884 1157 1267 1224 pendeamus,
1325 1157 1569 1210 'subinde
1612 1156 1938 1208 delabimur
1977 1156 2049 1205 ad
2097 1155 2296 1205 mundi
2339 1154 2642 1204 vanitates-

357 1228 468 1281 Sed
498 1230 770 1311 quqniam
799 1224 1190 1279 formidabilis
1218 1245 1339 1279 esse
1364 1230 1533 1279 nobis
1572 1238 1764 1294 posset
1790 1224 2024 1280 Domini
2048 1225 2346 1279 ⁴adventus
2390 1223 2453 1272 in
2493 1222 2645 1274 iudi—

355 1301 548 1422 Sium,
598 1299 949 1368 proponitur⁸
983 1298 1149 1351 nobis
1180 1297 1441 1351 Christus
1483 1306 1774 1366 servator,
1832 1297 1930 1367 qui
1958 1295 2126 1348 „idem
2165 1296 2390 1347 futurus
2430 1304 2519 1344 est
2558 1294 2647 1344 iu·

400 1385 490 1423 eir.

495 1469 575 1521 14.
649 1466 764 1534 Qui
790 1466 948 1519 dedit
970 1484 1032 1519 se
1070 1467 1279 1533 ipsum.
1351 1466 1525 1520 Aliud
1563 1465 1980 1521 exhortationis
2007 1471 2416 1532 argumentum
2451 1479 2488 1513 a
2529 1460 2647 1513 fine

358 1545 463 1591 aut
485 1537 700 1590 effectu
723 1537 927 1588 mortis
958 1536 1189 1588 Christi.
1260 1537 1400 1589 Ideo
1433 1555 1494 1589 se
1535 1537 1742 1590 obtulit
1778 1553 1882 1607 pro
1911 1535 2079 1587 nobis
2111 1533 2403 1603 Christus,
2448 1540 2514 1582 ut
2544 1546 2651 1584 nos

356 1608 679 1660 redimeret
709 1622 744 1658 a
772 1606 998 1673 peccati
1040 1606 1349 1674 servitute,
1402 1618 1463 1659 et
1501 1608 1831 1676 acquireret
1870 1606 1982 1659 sibi
2026 1605 2192 1674 quasi
2230 1607 2294 1657 in
2332 1602 2649 1672 peculium.

359 1681 518 1746 Ergo
566 1677 686 1728 eius
726 1677 911 1746 gratia
952 1675 1277 1727 necessario
1317 1688 1529 1730 secum‘
1560 1678 1735 1730 affert
1777 1674 1931 1728 vitae‘
1966 1676 2311 1738 novitatem,
2370 1673 2511 1740 quia
2551 1690 2652 1723 res-

366 1746 716 1814 demptionis
756 1744 1108 1798 heneficium
1147 1746 1375 1799 faciunt
1416 1748 1679 1814 irritum,
1729 1749 1826 1816 qui
1861 1749 2116 1800 serviunt
2151 1743 2342 1797 adhuc
2381 1753 2648 1810 peccato.

363 1821 490 1871 Iam
518 1833 654 1868 vero
685 1833 720 1866 a
747 1816 974 1884 peccati
1009 1817 1287 1868 servitute
1313 1819 1705 1885 vindicamur,
1759 1829 1826 1870 ut
1860 1818 2175 1869 serviamus
2215 1815 2329 1866 Dei
2369 1814 2651 1865 iustitiae.

364 1886 617 1939 Proinde
656 1886 769 1937 hoc
807 1887 1123 1939 secundum
1166 1903 1300 1938 mox
1338 1889 1588 1941 addidit:
1646 1891 1714 1940 de
1748 1890 1961 1956 populo
2001 1887 2321 1955 peculiari,
2372 1887 2650 1934 bonorum

280 1956 290 2013 ζ
365 1974 597 2024 operum
627 1958 912 2023 studioso,
944 1973 1058 2025 quo
1086 1956 1398 2026 significat,
1428 1961 1619 2026 perire
1643 1958 1706 2011 in
1732 1959 1896 2009 nobis
1923 1957 2336 2023 redemptionis
2364 1952 2649 2020 fructum,

367 2029 415 2078 si
440 2025 645 2076 mundi
673 2026 1163 2092 concupiscentiis
1189 2026 1377 2080 adhuc
1414 2039 1684 2080 tenemur
1705 2027 1994 2094 impliciti.
2063 2029 2147 2078 Ac
2171 2041 2283 2094 quo
2311 2023 2521 2075 melius
2557 2040 2651 2074 ex·

363 2097 679 2165 primeret,
717 2112 822 2147 nos
857 2097 1072 2150 Christi
1111 2109 1301 2150 morte
1340 2099 1414 2150 ad
1453 2101 1604 2150 hona
1646 2113 1823 2166 opera
1862 2096 2045 2148 fuisse
2081 2105 2482 2159 consecratos,
2517 2110 2654 2147 usus

368 2174 457 2217 est
485 2165 836 2217 Purificandi
866 2169 1070 2220 verbo..
1143 2170 1297 2220 Nam
1334 2169 1636 2238 indignum
1676 2175 1858 2233 esset,
1910 2167 2118 2219 iisdem
2154 2181 2259 2216 nos
2293 2180 2529 2215 rursum
2564 2165 2654 2215 in·

369 2235 604 2306 quinari
632 2236 924 2304 sordibus,
966 2255 1002 2289 a
1035 2238 1240 2308 quibus
1268 2255 1375 2290 nos
1397 2240 1577 2293 Filius
1597 2238 1714 2292 Dei
1742 2238 2024 2306 sanguine
2052 2252 2153 2288 suo
2177 2234 2466 2304 purgavit.

507 2334 591 2389 15.
656 2336 812 2389 Haec
857 2339 1103 2407 loquere.
1185 2341 1433 2392 Perinde
1482 2341 1633 2392 valet
1684 2339 1827 2392 haec
1867 2336 2157 2403 clausula,
2225 2324 2383 2386 acsi
2423 2332 2657 2386 iuberet

288 2419 293 2425 “
368 2402 596 2457 assidue
621 2405 888 2458 insistere
911 2408 974 2459 in
997 2408 1165 2461 illam
1196 2411 1622 2464 aedificationis
1652 2409 1977 2462 doctrinam
1997 2446 2014 2474 ‚
2055 2422 2242 2475 neque
2276 2412 2539 2475 unquam
2564 2405 2652 2455 fa-

373 2475 585 2544 tigari,
627 2477 763 2544 quia
802 2479 1051 2530 nimium
1081 2480 1367 2533 inculcari
1398 2488 1667 2552 nequeat.
1739 2479 2056 2536 Doctrinae
2096 2471 2272 2529 etiam
2311 2478 2528 2528 addere
2564 2475 2648 2526 iu-

256 2545 289 2581 t
371 2548 473 2599 het
516 2543 989 2600 exhortationum
1029 2558 1087 2600 et
1122 2545 1593 2620 obiurgationum
1630 2550 1877 2608 aculeos.
1946 2549 2146 2617 Neque
2191 2547 2342 2597 enim
2387 2547 2527 2597 satis
2572 2553 2655 2597 est

378 2617 820 2697 commonefieri
863 2619 935 2670 de
970 2621 1075 2671 'suo
1106 2620 1297 2671 officio
1341 2621 1638 2687 homines,
1689 2622 1801 2671 uisi
1843 2619 2059 2673 acriter
2095 2617 2270 2668 etiam
2311 2619 2652 2684 urgeantur.

374 2687 488 2754 Qui
524 2695 719 2739 autem
743 2690 1042 2756 superiora
1084 2690 1186 2742 illa
1223 2702 1800 2765 tenen-semperque
1841 2692 1902 2741 in
1945 2706 2045 2739 ore
2088 2687 2294 2747 habet,
2338 2687 2658 2737 materiam

374 2753 614 2808 habebit
653 2772 770 2809 non
806 2759 1051 2811 docendi
1082 2761 1286 2823 modo,
1324 2759 1427 2813 sed
1465 2764 1639 2814 etiam
1682 2760 2027 2829 corrigendi.
2168 2762 2308 2811 cum
2352 2758 2509 2807 omni
2554 2775 2655 2805 au·

379 2826 672 2882 ctoritate.
759 2828 888 2879 Non
926 2833 1212 2896 assentior
1254 2833 1533 2898 Erasmo,
1580 2827 1698 2901 'qui
1740 2826 2009 2900 ἐπιταγήν
2049 2829 2217 2877 vertit
2253 2824 2658 2892 praecipiendi

303 2939 306 2942 .
374 2894 646 2948 studium.
715 2898 1082 2952 Probabilior
1127 2900 1523 2971 chrysostomi
1566 2901 1884 2968 sententia,
1920 2899 2020 2969 qui
2051 2894 2430 2948 Severitatem
2468 2896 2662 2945 inter-

369 2969 638 3033 pretatur
665 2967 938 3020 advemis
966 2971 1259 3022 atrociora
1288 2981 1563 3040 peccata,
1604 2987 1937 3042 quanquam
1964 2986 2039 3020 ne
2071 2965 2188 3018 hic·
2214 2966 2450 3035 quidem
2486 2964 2661 3015 vide-

343 3045 472 3086 *tur
495 3034 663 3085 Pauli
702 3051 957 3090 mentem
995 3049 1365 3112 assequutus}
1400 3042 1523 3094 vult
1563 3045 1749 3108 enim,
1797 3050 1862 3091 ut
1894 3039 1999 3091 sibi
2034 3035 2443 3089 auctoritatem
2470 3034 2532 3084 in
2566 3034 2658 3086 his

378 3103 675 3186 tradendis
707 3125 777 3160 ac
800 3113 1185 3164 reverentiam
1209 3113 1376 3164 Titus
1404 3111 1673 3176 vindicet.
1751 3110 1901 3162 Nam
1937 3109 2148 3161 curiosi
2177 3103 2445 3157 homiues
2472 3114 2532 3154 et
2559 3121 2657 3155 ar-

375 3182 676 3257 gutiarum
706 3178 900 3245 cupidi
933 3180 1064 3246 piae
1090 3190 1149 3232 et
1176 3192 1415 3234 sanctae
1437 3184 1589 3234 vitae
1626 3189 1940 3250 praecepta
1974 3179 2140 3250 quasi
2174 3179 2315 3227 trita
2357 3183 2415 3226 et
2455 3173 2657 3242 vulga·

378 3261 469 3296 ria
492 3244 830 3326 fastidiunt.
916 3251 992 3300 Ut
1033 3251 1167 3303 huic
1198 3253 1436 3306 fastidio
1473 3262 1744 3312 occurrat
1767 3251 1964 3314 Titus,
2009 3249 2242 3300 iubetur
2279 3244 2499 3313 pondus
2539 3247 2654 3296 im-

379 3317 531 3384 perii
567 3331 706 3367 suae
747 3318 1045 3371 doctrinae
1086 3322 1317 3378 addere.
1409 3320 1630 3376 Eodem
1669 3325 1847 3374 etiam
1885 3322 2039 3389 (meo
2078 3316 2319 3381 iudicio)
2372 3315 2653 3383 pertinet,

378 3383 536 3455 quod
560 3400 695 3437 mox
719 3388 1008 3457 sequitur,
1064 3389 1243 3442 Nemo
1277 3407 1331 3445 ts
1371 3385 1718 3450 cdntemnat.
1788 3392 2003 3444 Putant
2039 3388 2176 3452 alii,
2223 3386 2522 3438 admoneri
2550 3381 2653 3435 Ti·-

361 3463 536 3532 tum,
576 3465 641 3508 ut
667 3456 778 3509 sibi
803 3460 957 3510 vitae
985 3458 1321 3528 integritate
1347 3463 1708 3529 audientiam
1735 3478 1804 3512 ac
1834 3457 2173 3528 dignitatem
2198 3456 2492 3518 conciliet.
2573 3456 2656 3506 Ac

376 3537 578 3605 veru-m
613 3527 847 3594 quidem
878 3535 996 3596 est,
1053 3541 1245 3582 mores
1282 3542 1513 3583 sanctos
1553 3541 1605 3584 et
1641 3532 1962 3600 inculpatos
1987 3530 2185 3580 facere
2219 3527 2516 3579 doctrinae
2548 3540 2653 3576 au-

379 3602 739 3660 ctoritatem-3
788 3609 987 3650 verum
1029 3599 1142 3653 alio
1184 3598 1435 3669 respexit
1460 3602 1704 3663 Paulus;
1756 3617 1893 3653 nam
1933 3599 2213 3667 populum
2249 3598 2433 3664 ipsum
2469 3597 2654 3664 magis

380 3681 558 3731 quam
589 3663 788 3720 Titum
817 3668 918 3719 hic
950 3670 1284 3739 compellat.
1354 3672 1505 3741 Quia
1535 3682 1656 3723 tam
1699 3671 1978 3723 delicatae
2013 3668 2211 3721 multis
2248 3675 2418 3720 erant
2462 3679 2653 3731 aures,

380 3741 447 3784 ut
475 3734 596 3786 illis
633 3737 925 3805 despectui
963 3747 1112 3792 esset
1135 3740 1433 3808 Evangelii
1475 3743 1845 3809 simplicitas,
1898 3739 2033 3809 quia
2068 3741 2151 3792 sic
2189 3737 2529 3806 pruriebant
2559 3752 2652 3786 re·

377 3817 814 3886 rumpovarum
840 3810 1160 3877 desiderio,
1207 3821 1272 3863 ut
1302 3811 1692 3865 aedificationi
1720 3813 1908 3864 nullus
1936 3811 2059 3862 fere
2073 3808 2453 3884 ,locusiorett
2498 3804 2653 3858 eius·

375 3873 534 3924 modi
563 3874 862 3931 hominum
887 3881 1213 3948 superbiam
1253 3879 1547 3949 retundit,
1586 3892 1642 3934 et
1685 3897 1879 3934 severe
1919 3878 2254 3943 denuntiat,
2293 3887 2355 3929 ut
2387 3877 2460 3926 ab
2487 3875 2654 3926 omni

190 3967 215 3996 e
374 3957 553 4025 sanae
580 3954 637 3994 et
662 3948 818 3998 utilis
847 3950 1147 4002 doctrinae
1186 3961 1524 4017 contemptu
1557 3954 1849 4005 desistant.
1922 3952 2013 4003 Ita
2040 3948 2451 4008 confirmatur,
2493 3945 2651 4013 quod

372 4022 546 4093 initio
572 4017 866 4080 praefatus
896 4037 1052 4086 sum,
1103 4022 1472 4075 Cretensibus
1512 4024 1704 4091 potius
1752 4035 1925 4091 quam
1969 4023 2067 4072 uni
2114 4018 2381 4088 privatim
2422 4015 2651 4072 homini

364 4094 644 4152 scriptam
670 4102 790 4139 esse
821 4089 968 4140 hanc
991 4091 1307 4161 epistolam·
2098 4093 2099 4098 ’
