<?xml version="1.0" encoding="UTF-8"?>
<!DOCTYPE html PUBLIC "-//W3C//DTD XHTML 1.0 Transitional//EN"
    "http://www.w3.org/TR/xhtml1/DTD/xhtml1-transitional.dtd">
<html xmlns="http://www.w3.org/1999/xhtml" xml:lang="en" lang="en">
 <head>
  <title>
</title>
<meta http-equiv="Content-Type" content="text/html;charset=utf-8" />
  <meta name='ocr-system' content='tesseract 3.04.00' />
  <meta name='ocr-capabilities' content='ocr_page ocr_carea ocr_par ocr_line ocrx_word'/>
</head>
<body>
  <div class='ocr_page' id='page_1' title='image "./johanniscalvini00calvgoog_0453.png"; bbox 0 0 2820 4895; ppageno 0'>
   <div class='ocr_carea' id='block_1_1' title="bbox 712 239 2492 376">
    <p class='ocr_par' dir='ltr' id='par_1_1' title="bbox 712 239 2492 376">
     <span class='ocr_line' id='line_1_1' title="bbox 712 239 2492 376; baseline 0.001 -39"><span class='ocrx_word' id='word_1_1' title='bbox 712 262 848 337; x_wconf 77' lang='lat' dir='ltr'><strong>An</strong></span> <span class='ocrx_word' id='word_1_2' title='bbox 896 239 1485 371; x_wconf 67' lang='lat' dir='ltr'><strong>&#39;nsseaAEos</strong></span> <span class='ocrx_word' id='word_1_3' title='bbox 1552 242 1935 376; x_wconf 59' lang='lat' dir='ltr'><strong>om&#39;vm.</strong></span> <span class='ocrx_word' id='word_1_4' title='bbox 2174 272 2175 275; x_wconf 61' lang='lat'>‘</span> <span class='ocrx_word' id='word_1_5' title='bbox 2265 304 2271 313; x_wconf 84' lang='lat'><em>·</em></span> <span class='ocrx_word' id='word_1_6' title='bbox 2343 274 2492 353; x_wconf 63' lang='lat'><strong>4⁵³,</strong></span> 
     </span>
    </p>
   </div>
   <div class='ocr_carea' id='block_1_2' title="bbox 111 430 2511 3109">
    <p class='ocr_par' dir='ltr' id='par_1_2' title="bbox 169 430 2458 581">
     <span class='ocr_line' id='line_1_2' title="bbox 169 430 2458 512; baseline 0 -18"><span class='ocrx_word' id='word_1_7' title='bbox 169 442 265 495; x_wconf 73' lang='lat' dir='ltr'><strong>Ita</strong></span> <span class='ocrx_word' id='word_1_8' title='bbox 300 434 612 510; x_wconf 51' lang='lat' dir='ltr'><strong>promissio</strong></span> <span class='ocrx_word' id='word_1_9' title='bbox 637 435 735 497; x_wconf 69' lang='lat' dir='ltr'><strong>,est</strong></span> <span class='ocrx_word' id='word_1_10' title='bbox 767 441 842 506; x_wconf 42' lang='lat' dir='ltr'><strong>‚de</strong></span> <span class='ocrx_word' id='word_1_11' title='bbox 880 441 1146 494; x_wconf 81' lang='lat' dir='ltr'><strong>omnibus</strong></span> <span class='ocrx_word' id='word_1_12' title='bbox 1171 438 1378 492; x_wconf 83' lang='lat' dir='ltr'><strong>electis</strong></span> <span class='ocrx_word' id='word_1_13' title='bbox 1404 439 1470 491; x_wconf 86' lang='lat' dir='ltr'><strong>in</strong></span> <span class='ocrx_word' id='word_1_14' title='bbox 1496 455 1673 494; x_wconf 88' lang='lat' dir='ltr'><strong>unum</strong></span> <span class='ocrx_word' id='word_1_15' title='bbox 1694 430 1909 510; x_wconf 76' lang='lat' dir='ltr'><strong>corpus</strong></span> <span class='ocrx_word' id='word_1_16' title='bbox 1933 440 2150 495; x_wconf 88' lang='lat' dir='ltr'><strong>iterum</strong></span> <span class='ocrx_word' id='word_1_17' title='bbox 2179 439 2458 512; x_wconf 79' lang='lat' dir='ltr'><strong>colligen-</strong></span> 
     </span>
     <span class='ocr_line' id='line_1_3' title="bbox 172 511 2397 581; baseline -0.004 -16"><span class='ocrx_word' id='word_1_18' title='bbox 172 513 294 579; x_wconf 69' lang='lat' dir='ltr'><strong>dic,</strong></span> <span class='ocrx_word' id='word_1_19' title='bbox 338 521 626 581; x_wconf 78' lang='lat' dir='ltr'><strong>utcunqee</strong></span> <span class='ocrx_word' id='word_1_20' title='bbox 651 514 811 581; x_wconf 55' lang='lat' dir='ltr'><strong>priufs</strong></span> <span class='ocrx_word' id='word_1_21' title='bbox 838 513 1130 580; x_wconf 80' lang='lat' dir='ltr'><strong>segregati</strong></span> <span class='ocrx_word' id='word_1_22' title='bbox 1157 511 1398 562; x_wconf 73' lang='lat' dir='ltr'><strong>fuerint.</strong></span> <span class='ocrx_word' id='word_1_23' title='bbox 1712 540 1719 555; x_wconf 68' lang='grc' dir='ltr'>ι</span> <span class='ocrx_word' id='word_1_24' title='bbox 2396 548 2397 555; x_wconf 73' lang='grc'>,</span> 
     </span>
    </p>

    <p class='ocr_par' dir='ltr' id='par_1_3' title="bbox 165 577 2511 1492">
     <span class='ocr_line' id='line_1_4' title="bbox 307 577 2457 648; baseline -0 -15"><span class='ocrx_word' id='word_1_25' title='bbox 307 582 361 633; x_wconf 92' lang='grc'><strong>9.</strong></span> <span class='ocrx_word' id='word_1_26' title='bbox 437 580 910 634; x_wconf 68' lang='lat' dir='ltr'><strong>Non-secundum</strong></span> <span class='ocrx_word' id='word_1_27' title='bbox 927 583 1156 648; x_wconf 78' lang='lat' dir='ltr'><strong>foedus.</strong></span> <span class='ocrx_word' id='word_1_28' title='bbox 1228 581 1357 631; x_wconf 93' lang='lat' dir='ltr'><strong>Hoc</strong></span> <span class='ocrx_word' id='word_1_29' title='bbox 1377 577 1566 630; x_wconf 80' lang='lat' dir='ltr'><strong>&#39;verbo</strong></span> <span class='ocrx_word' id='word_1_30' title='bbox 1599 579 1943 647; x_wconf 83' lang='lat' dir='ltr'><strong>exprimitur</strong></span> <span class='ocrx_word' id='word_1_31' title='bbox 1965 579 2282 637; x_wconf 61' lang='lat' dir='ltr'><strong>discrimen*</strong></span> <span class='ocrx_word' id='word_1_32' title='bbox 2299 581 2457 632; x_wconf 81' lang='lat' dir='ltr'><strong>inter</strong></span> 
     </span>
     <span class='ocr_line' id='line_1_5' title="bbox 167 640 2457 719; baseline 0 -18"><span class='ocrx_word' id='word_1_33' title='bbox 167 650 408 716; x_wconf 84' lang='lat' dir='ltr'><strong>foedus,</strong></span> <span class='ocrx_word' id='word_1_34' title='bbox 431 652 604 719; x_wconf 46' lang='lat' dir='ltr'><strong>¹quod</strong></span> <span class='ocrx_word' id='word_1_35' title='bbox 627 640 772 703; x_wconf 65' lang='lat' dir='ltr'><strong>¹tune</strong></span> <span class='ocrx_word' id='word_1_36' title='bbox 801 651 1030 719; x_wconf 84' lang='lat' dir='ltr'><strong>vigebat</strong></span> <span class='ocrx_word' id='word_1_37' title='bbox 1048 687 1065 715; x_wconf 96' lang='lat'><strong>,</strong></span> <span class='ocrx_word' id='word_1_38' title='bbox 1103 656 1161 699; x_wconf 90' lang='lat' dir='ltr'><strong>et</strong></span> <span class='ocrx_word' id='word_1_39' title='bbox 1185 663 1400 700; x_wconf 86' lang='lat' dir='ltr'><strong>novum</strong></span> <span class='ocrx_word' id='word_1_40' title='bbox 1418 687 1434 715; x_wconf 91' lang='lat'><strong>,</strong></span> <span class='ocrx_word' id='word_1_41' title='bbox 1478 644 1639 699; x_wconf 79' lang='lat' dir='ltr'><strong>cuius</strong></span> <span class='ocrx_word' id='word_1_42' title='bbox 1664 665 1825 716; x_wconf 79' lang='lat' dir='ltr'><strong>spem</strong></span> <span class='ocrx_word' id='word_1_43' title='bbox 1852 650 1998 701; x_wconf 84' lang='lat' dir='ltr'><strong>facit</strong></span> <span class='ocrx_word' id='word_1_44' title='bbox 2014 669 2029 712; x_wconf 89' lang='lat'>;</span> <span class='ocrx_word' id='word_1_45' title='bbox 2071 649 2289 719; x_wconf 85' lang='lat' dir='ltr'>alioqui</span> <span class='ocrx_word' id='word_1_46' title='bbox 2316 660 2457 702; x_wconf 85' lang='lat' dir='ltr'><strong>tan·-</strong></span> 
     </span>
     <span class='ocr_line' id='line_1_6' title="bbox 167 719 2454 790; baseline 0 -19"><span class='ocrx_word' id='word_1_47' title='bbox 167 730 296 772; x_wconf 67' lang='lat' dir='ltr'><strong>tum</strong></span> <span class='ocrx_word' id='word_1_48' title='bbox 336 721 575 772; x_wconf 76' lang='lat' dir='ltr'><strong>dixisset</strong></span> <span class='ocrx_word' id='word_1_49' title='bbox 599 721 922 790; x_wconf 79' lang='lat' dir='ltr'><strong>Propheta=</strong></span> <span class='ocrx_word' id='word_1_50' title='bbox 973 719 1226 783; x_wconf 79' lang='lat' dir='ltr'><strong>Foedus,</strong></span> <span class='ocrx_word' id='word_1_51' title='bbox 1278 720 1432 788; x_wconf 90' lang='lat' dir='ltr'><strong>quod</strong></span> <span class='ocrx_word' id='word_1_52' title='bbox 1463 719 1852 786; x_wconf 19' lang='lat' dir='ltr'><strong>vestraffculpa</strong></span> <span class='ocrx_word' id='word_1_53' title='bbox 1886 722 2175 785; x_wconf 82' lang='lat' dir='ltr'>concidit,</span> <span class='ocrx_word' id='word_1_54' title='bbox 2221 723 2454 772; x_wconf 80' lang='lat' dir='ltr'><strong>instau-</strong></span> 
     </span>
     <span class='ocr_line' id='line_1_7' title="bbox 166 789 2457 860; baseline 0 -18"><span class='ocrx_word' id='word_1_55' title='bbox 166 790 347 852; x_wconf 79' lang='lat' dir='ltr'><strong>rabo3</strong></span> <span class='ocrx_word' id='word_1_56' title='bbox 413 804 572 845; x_wconf 80' lang='lat' dir='ltr'><strong>nuno</strong></span> <span class='ocrx_word' id='word_1_57' title='bbox 601 808 760 857; x_wconf 69' lang='lat' dir='ltr'><strong>⁴vero</strong></span> <span class='ocrx_word' id='word_1_58' title='bbox 788 791 915 843; x_wconf 85' lang='lat' dir='ltr'><strong>fore</strong></span> <span class='ocrx_word' id='word_1_59' title='bbox 955 789 1233 842; x_wconf 70' lang='lat' dir='ltr'><strong>dissimile</strong></span> <span class='ocrx_word' id='word_1_60' title='bbox 1272 789 2017 856; x_wconf 62' lang='lat' dir='ltr'><strong>nominatim2pronuntiat.</strong></span> <span class='ocrx_word' id='word_1_61' title='bbox 2100 791 2271 860; x_wconf 87' lang='lat' dir='ltr'><strong>Quod</strong></span> <span class='ocrx_word' id='word_1_62' title='bbox 2313 792 2457 843; x_wconf 83' lang='lat' dir='ltr'><strong>dici-t</strong></span> 
     </span>
     <span class='ocr_line' id='line_1_8' title="bbox 165 859 2450 929; baseline 0 -16"><span class='ocrx_word' id='word_1_63' title='bbox 165 861 371 913; x_wconf 76' lang='lat' dir='ltr'><strong>foedus</strong></span> <span class='ocrx_word' id='word_1_64' title='bbox 387 876 767 929; x_wconf 76' lang='lat' dir='ltr'><strong>percussum,</strong></span> <span class='ocrx_word' id='word_1_65' title='bbox 819 874 933 928; x_wconf 89' lang='lat' dir='ltr'><strong>quo</strong></span> <span class='ocrx_word' id='word_1_66' title='bbox 961 859 1053 910; x_wconf 87' lang='lat' dir='ltr'><strong>die</strong></span> <span class='ocrx_word' id='word_1_67' title='bbox 1083 875 1317 910; x_wconf 86' lang='lat' dir='ltr'><strong>manum</strong></span> <span class='ocrx_word' id='word_1_68' title='bbox 1347 875 1551 911; x_wconf 84' lang='lat' dir='ltr'><strong>eorum</strong></span> <span class='ocrx_word' id='word_1_69' title='bbox 1577 859 1991 927; x_wconf 80' lang='lat' dir='ltr'><strong>apprehendit,</strong></span> <span class='ocrx_word' id='word_1_70' title='bbox 2036 869 2102 912; x_wconf 87' lang='lat' dir='ltr'><strong>ut</strong></span> <span class='ocrx_word' id='word_1_71' title='bbox 2128 877 2226 912; x_wconf 86' lang='lat' dir='ltr'><strong>eos</strong></span> <span class='ocrx_word' id='word_1_72' title='bbox 2259 872 2450 913; x_wconf 74' lang='lat' dir='ltr'><strong>eser-</strong></span> 
     </span>
     <span class='ocr_line' id='line_1_9' title="bbox 166 929 2451 995; baseline 0.001 -14"><span class='ocrx_word' id='word_1_73' title='bbox 166 933 694 995; x_wconf 67' lang='lat' dir='ltr'><strong>vituteassereret,</strong></span> <span class='ocrx_word' id='word_1_74' title='bbox 744 929 1207 981; x_wconf 57' lang='lat' dir='ltr'><strong>tanti2beneficii</strong></span> <span class='ocrx_word' id='word_1_75' title='bbox 1244 931 1798 982; x_wconf 78' lang='lat' dir='ltr'><strong>commemoratione</strong></span> <span class='ocrx_word' id='word_1_76' title='bbox 1840 931 2065 982; x_wconf 87' lang='lat' dir='ltr'><strong>crimen</strong></span> <span class='ocrx_word' id='word_1_77' title='bbox 2104 929 2451 983; x_wconf 83' lang='lat' dir='ltr'><strong>defectionis</strong></span> 
     </span>
     <span class='ocr_line' id='line_1_10' title="bbox 166 999 2511 1070; baseline 0 -17"><span class='ocrx_word' id='word_1_78' title='bbox 166 1011 509 1070; x_wconf 75' lang='lat' dir='ltr'>exaggerat,</span> <span class='ocrx_word' id='word_1_79' title='bbox 564 1017 894 1070; x_wconf 76' lang='lat' dir='ltr'><strong>quanquam</strong></span> <span class='ocrx_word' id='word_1_80' title='bbox 929 1016 1044 1051; x_wconf 87' lang='lat' dir='ltr'><strong>non</strong></span> <span class='ocrx_word' id='word_1_81' title='bbox 1072 1009 1309 1051; x_wconf 86' lang='lat' dir='ltr'><strong>accusat</strong></span> <span class='ocrx_word' id='word_1_82' title='bbox 1340 1001 1510 1051; x_wconf 88' lang='lat' dir='ltr'><strong>unius</strong></span> <span class='ocrx_word' id='word_1_83' title='bbox 1538 1000 1750 1051; x_wconf 81' lang='lat' dir='ltr'><strong>saeculi</strong></span> <span class='ocrx_word' id='word_1_84' title='bbox 1798 999 2306 1069; x_wconf 79' lang='lat' dir='ltr'><strong>ingratitudinem,</strong></span> <span class='ocrx_word' id='word_1_85' title='bbox 2346 1003 2449 1055; x_wconf 89' lang='lat' dir='ltr'><strong>sed</strong></span> <span class='ocrx_word' id='word_1_86' title='bbox 2500 1024 2511 1031; x_wconf 67' lang='lat'><strong><em>¹</em></strong></span> 
     </span>
     <span class='ocr_line' id='line_1_11' title="bbox 167 1069 2446 1141; baseline 0 -18"><span class='ocrx_word' id='word_1_87' title='bbox 167 1078 347 1141; x_wconf 85' lang='lat' dir='ltr'><strong>quum</strong></span> <span class='ocrx_word' id='word_1_88' title='bbox 381 1072 467 1123; x_wconf 81' lang='lat' dir='ltr'><strong>illi</strong></span> <span class='ocrx_word' id='word_1_89' title='bbox 503 1074 645 1139; x_wconf 86' lang='lat' dir='ltr'><strong>ipsi,</strong></span> <span class='ocrx_word' id='word_1_90' title='bbox 681 1071 794 1139; x_wconf 70' lang='lat' dir='ltr'><strong>qui</strong></span> <span class='ocrx_word' id='word_1_91' title='bbox 825 1071 1053 1122; x_wconf 78' lang='lat' dir='ltr'><strong>liberati</strong></span> <span class='ocrx_word' id='word_1_92' title='bbox 1076 1070 1344 1136; x_wconf 86' lang='lat' dir='ltr'><strong>fuerant,</strong></span> <span class='ocrx_word' id='word_1_93' title='bbox 1391 1070 1654 1138; x_wconf 86' lang='lat' dir='ltr'><strong>protinus</strong></span> <span class='ocrx_word' id='word_1_94' title='bbox 1687 1069 2043 1137; x_wconf 87' lang='lat' dir='ltr'><strong>defecerint,</strong></span> <span class='ocrx_word' id='word_1_95' title='bbox 2099 1072 2342 1122; x_wconf 83' lang='lat' dir='ltr'><strong>subinde</strong></span> <span class='ocrx_word' id='word_1_96' title='bbox 2381 1074 2446 1124; x_wconf 89' lang='lat' dir='ltr'><strong>in</strong></span> 
     </span>
     <span class='ocr_line' id='line_1_12' title="bbox 168 1140 2449 1210; baseline 0 -17"><span class='ocrx_word' id='word_1_97' title='bbox 168 1143 374 1193; x_wconf 81' lang='lat' dir='ltr'><strong>eadem</strong></span> <span class='ocrx_word' id='word_1_98' title='bbox 405 1141 665 1210; x_wconf 85' lang='lat' dir='ltr'><strong>exempla</strong></span> <span class='ocrx_word' id='word_1_99' title='bbox 690 1141 902 1208; x_wconf 81' lang='lat' dir='ltr'><strong>relapsi</strong></span> <span class='ocrx_word' id='word_1_100' title='bbox 928 1147 1064 1192; x_wconf 87' lang='lat' dir='ltr'><strong>sunt</strong></span> <span class='ocrx_word' id='word_1_101' title='bbox 1100 1140 1355 1208; x_wconf 71' lang='lat' dir='ltr'><strong>posterit</strong></span> <span class='ocrx_word' id='word_1_102' title='bbox 1406 1157 1584 1210; x_wconf 89' lang='lat' dir='ltr'><strong>quare</strong></span> <span class='ocrx_word' id='word_1_103' title='bbox 1623 1149 1919 1208; x_wconf 82' lang='lat' dir='ltr'><strong>tota-gens</strong></span> <span class='ocrx_word' id='word_1_104' title='bbox 1954 1140 2274 1210; x_wconf 74' lang='lat' dir='ltr'><strong>foedifrage</strong></span> <span class='ocrx_word' id='word_1_105' title='bbox 2311 1141 2449 1198; x_wconf 64' lang='lat' dir='ltr'><strong>suin·</strong></span> 
     </span>
     <span class='ocr_line' id='line_1_13' title="bbox 172 1210 2450 1281; baseline 0.001 -19"><span class='ocrx_word' id='word_1_106' title='bbox 172 1214 369 1281; x_wconf 81' lang='lat' dir='ltr'><strong>Quum</strong></span> <span class='ocrx_word' id='word_1_107' title='bbox 403 1211 578 1276; x_wconf 79' lang='lat' dir='ltr'><strong>dicit,</strong></span> <span class='ocrx_word' id='word_1_108' title='bbox 630 1213 689 1262; x_wconf 68' lang='lat' dir='ltr'><strong>s’e</strong></span> <span class='ocrx_word' id='word_1_109' title='bbox 728 1213 1055 1276; x_wconf 63' lang='lat' dir='ltr'><strong>neglexisse</strong></span> <span class='ocrx_word' id='word_1_110' title='bbox 1091 1211 1194 1262; x_wconf 75' lang='lat' dir='ltr'><strong>vel&#39;</strong></span> <span class='ocrx_word' id='word_1_111' title='bbox 1218 1210 1463 1279; x_wconf 88' lang='lat' dir='ltr'><strong>amplius</strong></span> <span class='ocrx_word' id='word_1_112' title='bbox 1492 1227 1604 1262; x_wconf 87' lang='lat' dir='ltr'><strong>non</strong></span> <span class='ocrx_word' id='word_1_113' title='bbox 1642 1227 1870 1263; x_wconf 77' lang='lat' dir='ltr'><strong>curasse</strong></span> <span class='ocrx_word' id='word_1_114' title='bbox 1895 1213 2084 1281; x_wconf 86' lang='lat' dir='ltr'><strong>ipsos,</strong></span> <span class='ocrx_word' id='word_1_115' title='bbox 2134 1212 2450 1279; x_wconf 81' lang='lat' dir='ltr'><strong>significat,</strong></span> 
     </span>
     <span class='ocr_line' id='line_1_14' title="bbox 168 1280 2451 1351; baseline 0 -17"><span class='ocrx_word' id='word_1_116' title='bbox 168 1282 311 1334; x_wconf 83' lang='lat' dir='ltr'><strong>nihil</strong></span> <span class='ocrx_word' id='word_1_117' title='bbox 347 1281 457 1351; x_wconf 84' lang='lat' dir='ltr'><strong>hoc</strong></span> <span class='ocrx_word' id='word_1_118' title='bbox 489 1281 897 1350; x_wconf 87' lang='lat' dir='ltr'><strong>profuturum,</strong></span> <span class='ocrx_word' id='word_1_119' title='bbox 950 1281 1106 1347; x_wconf 84' lang='lat' dir='ltr'><strong>quod</strong></span> <span class='ocrx_word' id='word_1_120' title='bbox 1143 1280 1322 1333; x_wconf 86' lang='lat' dir='ltr'><strong>semel</strong></span> <span class='ocrx_word' id='word_1_121' title='bbox 1354 1281 1416 1332; x_wconf 89' lang='lat' dir='ltr'><strong>in</strong></span> <span class='ocrx_word' id='word_1_122' title='bbox 1446 1282 1723 1348; x_wconf 83' lang='lat' dir='ltr'><strong>populum</strong></span> <span class='ocrx_word' id='word_1_123' title='bbox 1753 1280 2015 1351; x_wconf 84' lang='lat' dir='ltr'><strong>adoptati</strong></span> <span class='ocrx_word' id='word_1_124' title='bbox 2057 1292 2277 1349; x_wconf 84' lang='lat' dir='ltr'><strong>essent,</strong></span> <span class='ocrx_word' id='word_1_125' title='bbox 2334 1282 2451 1335; x_wconf 84' lang='lat' dir='ltr'><strong>nisi</strong></span> 
     </span>
     <span class='ocr_line' id='line_1_15' title="bbox 170 1346 2451 1420; baseline 0 -16"><span class='ocrx_word' id='word_1_126' title='bbox 170 1368 322 1404; x_wconf 84' lang='lat' dir='ltr'><strong>novo</strong></span> <span class='ocrx_word' id='word_1_127' title='bbox 346 1352 587 1404; x_wconf 88' lang='lat' dir='ltr'><strong>remedii</strong></span> <span class='ocrx_word' id='word_1_128' title='bbox 618 1366 832 1420; x_wconf 83' lang='lat' dir='ltr'><strong>genere</strong></span> <span class='ocrx_word' id='word_1_129' title='bbox 860 1350 1001 1418; x_wconf 80' lang='lat' dir='ltr'><strong>ipsis</strong></span> <span class='ocrx_word' id='word_1_130' title='bbox 1033 1346 1371 1415; x_wconf 83' lang='lat' dir='ltr'><strong>subveniat,</strong></span> <span class='ocrx_word' id='word_1_131' title='bbox 1420 1351 1949 1420; x_wconf 83' lang='lat' dir='ltr'><strong>quanquam.aliud</strong></span> <span class='ocrx_word' id='word_1_132' title='bbox 1976 1351 2264 1404; x_wconf 85' lang='lat' dir='ltr'><strong>Hebraice</strong></span> <span class='ocrx_word' id='word_1_133' title='bbox 2306 1353 2451 1405; x_wconf 84' lang='lat' dir='ltr'><strong>dicit</strong></span> 
     </span>
     <span class='ocr_line' id='line_1_16' title="bbox 169 1420 2197 1492; baseline -0 -18"><span class='ocrx_word' id='word_1_134' title='bbox 169 1421 487 1492; x_wconf 81' lang='lat' dir='ltr'><strong>Propheta3</strong></span> <span class='ocrx_word' id='word_1_135' title='bbox 527 1421 627 1472; x_wconf 87' lang='lat' dir='ltr'><strong>sed</strong></span> <span class='ocrx_word' id='word_1_136' title='bbox 651 1421 764 1471; x_wconf 91' lang='lat' dir='ltr'><strong>hoc</strong></span> <span class='ocrx_word' id='word_1_137' title='bbox 792 1420 867 1471; x_wconf 88' lang='lat' dir='ltr'><strong>ad</strong></span> <span class='ocrx_word' id='word_1_138' title='bbox 891 1431 1260 1488; x_wconf 74' lang='lat' dir='ltr'><strong>praesentem</strong></span> <span class='ocrx_word' id='word_1_139' title='bbox 1288 1423 1682 1491; x_wconf 83' lang='lat' dir='ltr'><strong>quaestionem</strong></span> <span class='ocrx_word' id='word_1_140' title='bbox 1710 1439 1915 1491; x_wconf 86' lang='lat' dir='ltr'><strong>parum</strong></span> <span class='ocrx_word' id='word_1_141' title='bbox 1939 1423 2197 1487; x_wconf 82' lang='lat' dir='ltr'><strong>interest.</strong></span> 
     </span>
    </p>

    <p class='ocr_par' dir='ltr' id='par_1_4' title="bbox 111 1491 2507 3109">
     <span class='ocr_line' id='line_1_17' title="bbox 309 1491 2451 1560; baseline 0 -16"><span class='ocrx_word' id='word_1_142' title='bbox 309 1493 387 1544; x_wconf 85' lang='lat'><strong>10.</strong></span> <span class='ocrx_word' id='word_1_143' title='bbox 464 1491 715 1555; x_wconf 80' lang='lat' dir='ltr'><strong>Foedus,</strong></span> <span class='ocrx_word' id='word_1_144' title='bbox 755 1492 906 1558; x_wconf 78' lang='lat' dir='ltr'><strong>quod</strong></span> <span class='ocrx_word' id='word_1_145' title='bbox 933 1491 1261 1557; x_wconf 74' lang='lat' dir='ltr'><strong>disponam.</strong></span> <span class='ocrx_word' id='word_1_146' title='bbox 1332 1492 1463 1543; x_wconf 78' lang='lat' dir='ltr'><strong>Duo</strong></span> <span class='ocrx_word' id='word_1_147' title='bbox 1490 1493 1806 1560; x_wconf 85' lang='lat' dir='ltr'><strong>praecipua</strong></span> <span class='ocrx_word' id='word_1_148' title='bbox 1840 1503 1974 1545; x_wconf 89' lang='lat' dir='ltr'><strong>sunt</strong></span> <span class='ocrx_word' id='word_1_149' title='bbox 1996 1491 2168 1544; x_wconf 87' lang='lat' dir='ltr'><strong>huius</strong></span> <span class='ocrx_word' id='word_1_150' title='bbox 2194 1491 2451 1545; x_wconf 72' lang='lat' dir='ltr'><strong>foederi·</strong></span> 
     </span>
     <span class='ocr_line' id='line_1_18' title="bbox 175 1560 2440 1632; baseline 0 -20"><span class='ocrx_word' id='word_1_151' title='bbox 175 1561 392 1629; x_wconf 86' lang='lat' dir='ltr'><strong>capita:</strong></span> <span class='ocrx_word' id='word_1_152' title='bbox 436 1561 713 1629; x_wconf 75' lang='lat' dir='ltr'><strong>prius‘est</strong></span> <span class='ocrx_word' id='word_1_153' title='bbox 740 1560 810 1610; x_wconf 88' lang='lat' dir='ltr'><strong>de</strong></span> <span class='ocrx_word' id='word_1_154' title='bbox 834 1561 1088 1626; x_wconf 84' lang='lat' dir='ltr'><strong>gratuita</strong></span> <span class='ocrx_word' id='word_1_155' title='bbox 1117 1567 1492 1632; x_wconf 87' lang='lat' dir='ltr'><strong>peccatorum</strong></span> <span class='ocrx_word' id='word_1_156' title='bbox 1522 1561 1860 1614; x_wconf 84' lang='lat' dir='ltr'><strong>remissione</strong></span> <span class='ocrx_word' id='word_1_157' title='bbox 1879 1601 1894 1630; x_wconf 89' lang='lat'>‚</span> <span class='ocrx_word' id='word_1_158' title='bbox 1947 1561 2194 1615; x_wconf 87' lang='lat' dir='ltr'><strong>alterum</strong></span> <span class='ocrx_word' id='word_1_159' title='bbox 2237 1561 2306 1612; x_wconf 86' lang='lat' dir='ltr'><strong>de</strong></span> <span class='ocrx_word' id='word_1_160' title='bbox 2343 1563 2440 1612; x_wconf 88' lang='lat' dir='ltr'><strong>in·-</strong></span> 
     </span>
     <span class='ocr_line' id='line_1_19' title="bbox 170 1628 2507 1699; baseline 0 -16"><span class='ocrx_word' id='word_1_161' title='bbox 170 1631 368 1683; x_wconf 83' lang='lat' dir='ltr'><strong>teriori</strong></span> <span class='ocrx_word' id='word_1_162' title='bbox 399 1631 660 1684; x_wconf 88' lang='lat' dir='ltr'><strong>cordium</strong></span> <span class='ocrx_word' id='word_1_163' title='bbox 688 1628 1141 1694; x_wconf 80' lang='lat' dir='ltr'><strong>reformatione,</strong></span> <span class='ocrx_word' id='word_1_164' title='bbox 1193 1633 1434 1684; x_wconf 85' lang='lat' dir='ltr'><strong>tertium</strong></span> <span class='ocrx_word' id='word_1_165' title='bbox 1456 1642 1533 1683; x_wconf 79' lang='lat' dir='ltr'><strong>‘ex</strong></span> <span class='ocrx_word' id='word_1_166' title='bbox 1557 1633 1808 1684; x_wconf 88' lang='lat' dir='ltr'><strong>secundo</strong></span> <span class='ocrx_word' id='word_1_167' title='bbox 1833 1634 2075 1699; x_wconf 87' lang='lat' dir='ltr'><strong>pendet,</strong></span> <span class='ocrx_word' id='word_1_168' title='bbox 2127 1633 2197 1684; x_wconf 90' lang='lat' dir='ltr'><strong>de</strong></span> <span class='ocrx_word' id='word_1_169' title='bbox 2226 1632 2507 1687; x_wconf 48' lang='lat' dir='ltr'><strong>illumi-s</strong></span> 
     </span>
     <span class='ocr_line' id='line_1_20' title="bbox 167 1699 2440 1771; baseline 0 -18"><span class='ocrx_word' id='word_1_170' title='bbox 167 1703 373 1761; x_wconf 84' lang='lat' dir='ltr'><strong>nandis</strong></span> <span class='ocrx_word' id='word_1_171' title='bbox 405 1703 468 1753; x_wconf 90' lang='lat' dir='ltr'><strong>in</strong></span> <span class='ocrx_word' id='word_1_172' title='bbox 494 1702 609 1755; x_wconf 90' lang='lat' dir='ltr'><strong>Dei</strong></span> <span class='ocrx_word' id='word_1_173' title='bbox 644 1699 917 1753; x_wconf 85' lang='lat' dir='ltr'><strong>notitiam</strong></span> <span class='ocrx_word' id='word_1_174' title='bbox 957 1701 1267 1754; x_wconf 81' lang='lat' dir='ltr'><strong>mentibus.</strong></span> <span class='ocrx_word' id='word_1_175' title='bbox 1335 1702 1450 1754; x_wconf 84' lang='lat' dir='ltr'><strong>Hic</strong></span> <span class='ocrx_word' id='word_1_176' title='bbox 1474 1702 1654 1754; x_wconf 89' lang='lat' dir='ltr'><strong>multa</strong></span> <span class='ocrx_word' id='word_1_177' title='bbox 1684 1711 1816 1754; x_wconf 87' lang='lat' dir='ltr'><strong>sunt</strong></span> <span class='ocrx_word' id='word_1_178' title='bbox 1844 1712 2052 1756; x_wconf 87' lang='lat' dir='ltr'><strong>notatu</strong></span> <span class='ocrx_word' id='word_1_179' title='bbox 2083 1699 2440 1771; x_wconf 87' lang='lat' dir='ltr'><strong>dignissima.</strong></span> 
     </span>
     <span class='ocr_line' id='line_1_21' title="bbox 166 1762 2445 1841; baseline -0 -17"><span class='ocrx_word' id='word_1_180' title='bbox 166 1774 429 1824; x_wconf 82' lang='lat' dir='ltr'><strong>Primum</strong></span> <span class='ocrx_word' id='word_1_181' title='bbox 470 1782 590 1838; x_wconf 78' lang='lat' dir='ltr'><strong>est,</strong></span> <span class='ocrx_word' id='word_1_182' title='bbox 643 1772 798 1840; x_wconf 87' lang='lat' dir='ltr'><strong>quod</strong></span> <span class='ocrx_word' id='word_1_183' title='bbox 830 1769 993 1823; x_wconf 80' lang='lat' dir='ltr'><strong>nullo</strong></span> <span class='ocrx_word' id='word_1_184' title='bbox 1031 1762 1297 1839; x_wconf 77' lang='lat' dir='ltr'><strong>profectu</strong></span> <span class='ocrx_word' id='word_1_185' title='bbox 1334 1766 1407 1823; x_wconf 88' lang='lat' dir='ltr'><strong>ad</strong></span> <span class='ocrx_word' id='word_1_186' title='bbox 1451 1789 1514 1824; x_wconf 90' lang='lat' dir='ltr'><strong>se</strong></span> <span class='ocrx_word' id='word_1_187' title='bbox 1559 1789 1664 1823; x_wconf 87' lang='lat' dir='ltr'><strong>nos</strong></span> <span class='ocrx_word' id='word_1_188' title='bbox 1703 1767 1861 1825; x_wconf 87' lang='lat' dir='ltr'><strong>Deus</strong></span> <span class='ocrx_word' id='word_1_189' title='bbox 1908 1781 2111 1838; x_wconf 91' lang='lat' dir='ltr'><strong>vocat,</strong></span> <span class='ocrx_word' id='word_1_190' title='bbox 2165 1772 2445 1841; x_wconf 82' lang='lat' dir='ltr'><strong>quamdiu</strong></span> 
     </span>
     <span class='ocr_line' id='line_1_22' title="bbox 167 1841 2453 1912; baseline 0 -19"><span class='ocrx_word' id='word_1_191' title='bbox 167 1844 399 1894; x_wconf 88' lang='lat' dir='ltr'><strong>nonnisi</strong></span> <span class='ocrx_word' id='word_1_192' title='bbox 444 1841 754 1902; x_wconf 75' lang='lat' dir='ltr'><strong>hominum</strong></span> <span class='ocrx_word' id='word_1_193' title='bbox 796 1857 937 1892; x_wconf 87' lang='lat' dir='ltr'><strong>voce</strong></span> <span class='ocrx_word' id='word_1_194' title='bbox 983 1841 1258 1912; x_wconf 86' lang='lat' dir='ltr'><strong>loquitur.</strong></span> <span class='ocrx_word' id='word_1_195' title='bbox 1326 1843 1514 1895; x_wconf 84' lang='lat' dir='ltr'><strong>Docet</strong></span> <span class='ocrx_word' id='word_1_196' title='bbox 1558 1843 1794 1912; x_wconf 83' lang='lat' dir='ltr'><strong>quidem</strong></span> <span class='ocrx_word' id='word_1_197' title='bbox 1834 1860 1903 1894; x_wconf 90' lang='lat' dir='ltr'><strong>ac</strong></span> <span class='ocrx_word' id='word_1_198' title='bbox 1939 1841 2254 1912; x_wconf 86' lang='lat' dir='ltr'><strong>praecipit,</strong></span> <span class='ocrx_word' id='word_1_199' title='bbox 2282 1842 2453 1912; x_wconf 47' lang='lat' dir='ltr'><strong>quid&gt;</strong></span> 
     </span>
     <span class='ocr_line' id='line_1_23' title="bbox 111 1906 2443 1984; baseline 0 -20"><span class='ocrx_word' id='word_1_200' title='bbox 111 1910 112 1913; x_wconf 63' lang='grc'>’</span> <span class='ocrx_word' id='word_1_201' title='bbox 165 1916 388 1981; x_wconf 75' lang='lat' dir='ltr'><strong>rectum</strong></span> <span class='ocrx_word' id='word_1_202' title='bbox 425 1914 537 1974; x_wconf 88' lang='lat' dir='ltr'><strong>sit;</strong></span> <span class='ocrx_word' id='word_1_203' title='bbox 589 1927 789 1963; x_wconf 85' lang='lat' dir='ltr'><strong>verum</strong></span> <span class='ocrx_word' id='word_1_204' title='bbox 830 1910 985 1979; x_wconf 87' lang='lat' dir='ltr'><strong>apud</strong></span> <span class='ocrx_word' id='word_1_205' title='bbox 1019 1913 1220 1964; x_wconf 89' lang='lat' dir='ltr'><strong>surdos</strong></span> <span class='ocrx_word' id='word_1_206' title='bbox 1258 1912 1632 1969; x_wconf 81' lang='lat' dir='ltr'><strong>verbafacit.</strong></span> <span class='ocrx_word' id='word_1_207' title='bbox 1701 1913 1872 1982; x_wconf 86' lang='lat' dir='ltr'><strong>Quod</strong></span> <span class='ocrx_word' id='word_1_208' title='bbox 1905 1915 1954 1964; x_wconf 85' lang='lat' dir='ltr'><strong>si</strong></span> <span class='ocrx_word' id='word_1_209' title='bbox 1998 1906 2138 1984; x_wconf 80' lang='lat' dir='ltr'><strong>quid</strong></span> <span class='ocrx_word' id='word_1_210' title='bbox 2180 1913 2443 1965; x_wconf 84' lang='lat' dir='ltr'><strong>videmur</strong></span> 
     </span>
     <span class='ocr_line' id='line_1_24' title="bbox 168 1982 2441 2055; baseline -0.001 -20"><span class='ocrx_word' id='word_1_211' title='bbox 168 1983 473 2048; x_wconf 82' lang='lat' dir='ltr'><strong>exaudire,</strong></span> <span class='ocrx_word' id='word_1_212' title='bbox 512 1992 743 2036; x_wconf 85' lang='lat' dir='ltr'><strong>tantum</strong></span> <span class='ocrx_word' id='word_1_213' title='bbox 771 1982 1063 2035; x_wconf 85' lang='lat' dir='ltr'><strong>feriuntur</strong></span> <span class='ocrx_word' id='word_1_214' title='bbox 1092 1998 1257 2034; x_wconf 85' lang='lat' dir='ltr'><strong>aures</strong></span> <span class='ocrx_word' id='word_1_215' title='bbox 1285 1991 1524 2055; x_wconf 50' lang='lat' dir='ltr'><strong>eitterno</strong></span> <span class='ocrx_word' id='word_1_216' title='bbox 1549 1982 1778 2043; x_wconf 85' lang='lat' dir='ltr'><strong>sonitu;</strong></span> <span class='ocrx_word' id='word_1_217' title='bbox 1833 1999 1936 2035; x_wconf 91' lang='lat' dir='ltr'><strong>cor</strong></span> <span class='ocrx_word' id='word_1_218' title='bbox 1966 1993 2160 2035; x_wconf 86' lang='lat' dir='ltr'><strong>autem</strong></span> <span class='ocrx_word' id='word_1_219' title='bbox 2186 1985 2441 2054; x_wconf 70' lang='lat' dir='ltr'><strong>pravita-</strong></span> 
     </span>
     <span class='ocr_line' id='line_1_25' title="bbox 165 2051 2473 2122; baseline -0.001 -17"><span class='ocrx_word' id='word_1_220' title='bbox 165 2055 243 2106; x_wconf 83' lang='lat' dir='ltr'><strong>tis</strong></span> <span class='ocrx_word' id='word_1_221' title='bbox 275 2063 332 2105; x_wconf 93' lang='lat' dir='ltr'><strong>et</strong></span> <span class='ocrx_word' id='word_1_222' title='bbox 365 2053 767 2105; x_wconf 84' lang='lat' dir='ltr'><strong>contumaciae</strong></span> <span class='ocrx_word' id='word_1_223' title='bbox 796 2053 1032 2121; x_wconf 85' lang='lat' dir='ltr'><strong>plenum</strong></span> <span class='ocrx_word' id='word_1_224' title='bbox 1071 2069 1270 2105; x_wconf 90' lang='lat' dir='ltr'><strong>sanam</strong></span> <span class='ocrx_word' id='word_1_225' title='bbox 1311 2068 1548 2106; x_wconf 86' lang='lat' dir='ltr'><strong>omnem</strong></span> <span class='ocrx_word' id='word_1_226' title='bbox 1587 2052 1918 2104; x_wconf 81' lang='lat' dir='ltr'><strong>doctrinam</strong></span> <span class='ocrx_word' id='word_1_227' title='bbox 1951 2055 2191 2122; x_wconf 80' lang='lat' dir='ltr'><strong>respuit.</strong></span> <span class='ocrx_word' id='word_1_228' title='bbox 2260 2051 2473 2115; x_wconf 55' lang='lat' dir='ltr'><strong>Denib,</strong></span> 
     </span>
     <span class='ocr_line' id='line_1_26' title="bbox 168 2118 2440 2194; baseline -0.001 -19"><span class='ocrx_word' id='word_1_229' title='bbox 168 2122 285 2194; x_wconf 80' lang='lat' dir='ltr'><strong>que</strong></span> <span class='ocrx_word' id='word_1_230' title='bbox 311 2141 503 2191; x_wconf 81' lang='lat' dir='ltr'><strong>sermo</strong></span> <span class='ocrx_word' id='word_1_231' title='bbox 530 2123 642 2176; x_wconf 90' lang='lat' dir='ltr'><strong>Dei</strong></span> <span class='ocrx_word' id='word_1_232' title='bbox 673 2139 972 2193; x_wconf 86' lang='lat' dir='ltr'><strong>nunquam</strong></span> <span class='ocrx_word' id='word_1_233' title='bbox 1001 2123 1070 2177; x_wconf 68' lang='lat' dir='ltr'><strong>ist</strong></span> <span class='ocrx_word' id='word_1_234' title='bbox 1094 2122 1272 2190; x_wconf 85' lang='lat' dir='ltr'><strong>corda</strong></span> <span class='ocrx_word' id='word_1_235' title='bbox 1301 2132 1501 2174; x_wconf 86' lang='lat' dir='ltr'><strong>nostra</strong></span> <span class='ocrx_word' id='word_1_236' title='bbox 1527 2132 1825 2189; x_wconf 87' lang='lat' dir='ltr'><strong>penetrat,</strong></span> <span class='ocrx_word' id='word_1_237' title='bbox 1881 2130 2060 2190; x_wconf 84' lang='lat' dir='ltr'><strong>quum</strong></span> <span class='ocrx_word' id='word_1_238' title='bbox 2088 2118 2283 2176; x_wconf 74' lang='lat' dir='ltr'><strong>ferrea</strong></span> <span class='ocrx_word' id='word_1_239' title='bbox 2322 2123 2440 2175; x_wconf 83' lang='lat' dir='ltr'><strong>sint</strong></span> 
     </span>
     <span class='ocr_line' id='line_1_27' title="bbox 167 2192 2437 2314; baseline -0.001 -68"><span class='ocrx_word' id='word_1_240' title='bbox 167 2204 269 2247; x_wconf 77' lang='lat' dir='ltr'><strong>aut</strong></span> <span class='ocrx_word' id='word_1_241' title='bbox 295 2194 560 2262; x_wconf 88' lang='lat' dir='ltr'><strong>lapidea,</strong></span> <span class='ocrx_word' id='word_1_242' title='bbox 607 2194 793 2245; x_wconf 89' lang='lat' dir='ltr'><strong>donec</strong></span> <span class='ocrx_word' id='word_1_243' title='bbox 836 2194 907 2245; x_wconf 89' lang='lat' dir='ltr'><strong>ab</strong></span> <span class='ocrx_word' id='word_1_244' title='bbox 945 2194 1073 2261; x_wconf 86' lang='lat' dir='ltr'><strong>ipso</strong></span> <span class='ocrx_word' id='word_1_245' title='bbox 1114 2192 1520 2251; x_wconf 81' lang='lat' dir='ltr'><strong>emolliantur:</strong></span> <span class='ocrx_word' id='word_1_246' title='bbox 1558 2193 1691 2261; x_wconf 14' lang='lat' dir='ltr'><strong>,imo</strong></span> <span class='ocrx_word' id='word_1_247' title='bbox 1729 2195 2086 2246; x_wconf 85' lang='lat' dir='ltr'><strong>contrariam</strong></span> <span class='ocrx_word' id='word_1_248' title='bbox 2124 2194 2314 2314; x_wconf 56' lang='lat' dir='ltr'><strong>legem</strong></span> <span class='ocrx_word' id='word_1_249' title='bbox 2345 2195 2437 2245; x_wconf 85' lang='lat' dir='ltr'><strong>in-</strong></span> 
     </span>
     <span class='ocr_line' id='line_1_28' title="bbox 166 2262 2438 2333; baseline -0.002 -15"><span class='ocrx_word' id='word_1_250' title='bbox 166 2265 453 2332; x_wconf 81' lang='lat' dir='ltr'><strong>sculptam</strong></span> <span class='ocrx_word' id='word_1_251' title='bbox 481 2263 730 2326; x_wconf 82' lang='lat' dir='ltr'><strong>habent3</strong></span> <span class='ocrx_word' id='word_1_252' title='bbox 779 2272 1026 2333; x_wconf 79' lang='lat' dir='ltr'><strong>regnant</strong></span> <span class='ocrx_word' id='word_1_253' title='bbox 1055 2263 1212 2315; x_wconf 85' lang='lat' dir='ltr'><strong>enim</strong></span> <span class='ocrx_word' id='word_1_254' title='bbox 1239 2262 1366 2314; x_wconf 91' lang='lat' dir='ltr'><strong>illic</strong></span> <span class='ocrx_word' id='word_1_255' title='bbox 1389 2265 1648 2330; x_wconf 82' lang='lat' dir='ltr'><strong>perversi</strong></span> <span class='ocrx_word' id='word_1_256' title='bbox 1681 2263 1961 2328; x_wconf 78' lang='lat' dir='ltr'><strong>affectus,</strong></span> <span class='ocrx_word' id='word_1_257' title='bbox 2011 2265 2107 2332; x_wconf 85' lang='lat' dir='ltr'><strong>qui</strong></span> <span class='ocrx_word' id='word_1_258' title='bbox 2140 2281 2175 2315; x_wconf 87' lang='lat' dir='ltr'><strong>a</strong></span> <span class='ocrx_word' id='word_1_259' title='bbox 2249 2264 2438 2319; x_wconf 74' lang='lat' dir='ltr'><strong>rebel-</strong></span> 
     </span>
     <span class='ocr_line' id='line_1_29' title="bbox 164 2329 2495 2402; baseline -0.001 -14"><span class='ocrx_word' id='word_1_260' title='bbox 164 2336 404 2388; x_wconf 86' lang='lat' dir='ltr'><strong>landum</strong></span> <span class='ocrx_word' id='word_1_261' title='bbox 432 2351 536 2386; x_wconf 87' lang='lat' dir='ltr'><strong>nos</strong></span> <span class='ocrx_word' id='word_1_262' title='bbox 561 2332 889 2400; x_wconf 89' lang='lat' dir='ltr'><strong>impellunt.</strong></span> <span class='ocrx_word' id='word_1_263' title='bbox 961 2337 1195 2386; x_wconf 87' lang='lat' dir='ltr'><strong>Frustra</strong></span> <span class='ocrx_word' id='word_1_264' title='bbox 1225 2350 1368 2402; x_wconf 86' lang='lat' dir='ltr'><strong>ergo</strong></span> <span class='ocrx_word' id='word_1_265' title='bbox 1397 2336 1615 2402; x_wconf 81' lang='lat' dir='ltr'><strong>Legem</strong></span> <span class='ocrx_word' id='word_1_266' title='bbox 1641 2350 1805 2386; x_wconf 87' lang='lat' dir='ltr'><strong>suam</strong></span> <span class='ocrx_word' id='word_1_267' title='bbox 1833 2350 1972 2385; x_wconf 88' lang='lat' dir='ltr'><strong>voce</strong></span> <span class='ocrx_word' id='word_1_268' title='bbox 2008 2333 2261 2386; x_wconf 81' lang='lat' dir='ltr'><strong>hominis</strong></span> <span class='ocrx_word' id='word_1_269' title='bbox 2285 2329 2441 2385; x_wconf 79' lang='lat' dir='ltr'><strong>Deus</strong></span> <span class='ocrx_word' id='word_1_270' title='bbox 2486 2372 2495 2385; x_wconf 85' lang='lat'>.</span> 
     </span>
     <span class='ocr_line' id='line_1_30' title="bbox 164 2396 2437 2477; baseline -0 -19"><span class='ocrx_word' id='word_1_271' title='bbox 164 2407 522 2477; x_wconf 84' lang='lat' dir='ltr'><strong>promulgat,</strong></span> <span class='ocrx_word' id='word_1_272' title='bbox 574 2396 684 2458; x_wconf 80' lang='lat' dir='ltr'><strong>nisi</strong></span> <span class='ocrx_word' id='word_1_273' title='bbox 717 2421 845 2457; x_wconf 87' lang='lat' dir='ltr'><strong>eam</strong></span> <span class='ocrx_word' id='word_1_274' title='bbox 871 2404 1086 2473; x_wconf 87' lang='lat' dir='ltr'><strong>Spiritu</strong></span> <span class='ocrx_word' id='word_1_275' title='bbox 1116 2421 1220 2457; x_wconf 87' lang='lat' dir='ltr'><strong>suo</strong></span> <span class='ocrx_word' id='word_1_276' title='bbox 1260 2404 1543 2457; x_wconf 88' lang='lat' dir='ltr'><strong>inscribat</strong></span> <span class='ocrx_word' id='word_1_277' title='bbox 1562 2405 1835 2470; x_wconf 28' lang='lat' dir='ltr'><strong>,cordibus</strong></span> <span class='ocrx_word' id='word_1_278' title='bbox 1865 2406 2108 2473; x_wconf 82' lang='lat' dir='ltr'><strong>nostris,</strong></span> <span class='ocrx_word' id='word_1_279' title='bbox 2164 2403 2278 2467; x_wconf 75' lang='lat' dir='ltr'><strong>hoc</strong></span> <span class='ocrx_word' id='word_1_280' title='bbox 2331 2412 2437 2470; x_wconf 79' lang='lat' dir='ltr'><strong>est.</strong></span> 
     </span>
     <span class='ocr_line' id='line_1_31' title="bbox 167 2474 2457 2544; baseline -0.001 -14"><span class='ocrx_word' id='word_1_281' title='bbox 167 2478 282 2530; x_wconf 84' lang='lat' dir='ltr'><strong>nisi</strong></span> <span class='ocrx_word' id='word_1_282' title='bbox 320 2478 382 2529; x_wconf 90' lang='lat' dir='ltr'><strong>in</strong></span> <span class='ocrx_word' id='word_1_283' title='bbox 422 2475 811 2528; x_wconf 85' lang='lat' dir='ltr'><strong>obedientiam</strong></span> <span class='ocrx_word' id='word_1_284' title='bbox 841 2493 947 2527; x_wconf 89' lang='lat' dir='ltr'><strong>nos</strong></span> <span class='ocrx_word' id='word_1_285' title='bbox 974 2476 1192 2528; x_wconf 85' lang='lat' dir='ltr'><strong>formet</strong></span> <span class='ocrx_word' id='word_1_286' title='bbox 1217 2492 1286 2527; x_wconf 88' lang='lat' dir='ltr'><strong>ac</strong></span> <span class='ocrx_word' id='word_1_287' title='bbox 1313 2483 1646 2544; x_wconf 87' lang='lat' dir='ltr'><strong>componat.</strong></span> <span class='ocrx_word' id='word_1_288' title='bbox 1716 2475 1882 2527; x_wconf 87' lang='lat' dir='ltr'><strong>Unde</strong></span> <span class='ocrx_word' id='word_1_289' title='bbox 1917 2475 2107 2543; x_wconf 76' lang='lat' dir='ltr'><strong>patet,</strong></span> <span class='ocrx_word' id='word_1_290' title='bbox 2166 2474 2308 2544; x_wconf 84' lang='lat' dir='ltr'><strong>quid</strong></span> <span class='ocrx_word' id='word_1_291' title='bbox 2344 2487 2457 2527; x_wconf 83' lang='lat' dir='ltr'><strong>va-&#39;</strong></span> 
     </span>
     <span class='ocr_line' id='line_1_32' title="bbox 171 2545 2441 2615; baseline -0.001 -15"><span class='ocrx_word' id='word_1_292' title='bbox 171 2548 292 2600; x_wconf 89' lang='lat' dir='ltr'><strong>leat</strong></span> <span class='ocrx_word' id='word_1_293' title='bbox 319 2548 565 2600; x_wconf 86' lang='lat' dir='ltr'><strong>liberum</strong></span> <span class='ocrx_word' id='word_1_294' title='bbox 595 2547 934 2612; x_wconf 85' lang='lat' dir='ltr'><strong>arbitrium,</strong></span> <span class='ocrx_word' id='word_1_295' title='bbox 979 2556 1036 2598; x_wconf 89' lang='lat' dir='ltr'><strong>et</strong></span> <span class='ocrx_word' id='word_1_296' title='bbox 1069 2564 1216 2615; x_wconf 89' lang='lat' dir='ltr'><strong>quae</strong></span> <span class='ocrx_word' id='word_1_297' title='bbox 1242 2548 1315 2605; x_wconf 82' lang='lat' dir='ltr'><strong>sit</strong></span> <span class='ocrx_word' id='word_1_298' title='bbox 1338 2555 1579 2602; x_wconf 87' lang='lat' dir='ltr'><strong>naturae</strong></span> <span class='ocrx_word' id='word_1_299' title='bbox 1605 2545 1931 2612; x_wconf 86' lang='lat' dir='ltr'><strong>rectitudo,</strong></span> <span class='ocrx_word' id='word_1_300' title='bbox 1967 2545 2297 2614; x_wconf 72' lang='lat' dir='ltr'><strong>priusquam</strong></span> <span class='ocrx_word' id='word_1_301' title='bbox 2334 2562 2441 2597; x_wconf 90' lang='lat' dir='ltr'><strong>nos</strong></span> 
     </span>
     <span class='ocr_line' id='line_1_33' title="bbox 129 2616 2441 2687; baseline -0.001 -18"><span class='ocrx_word' id='word_1_302' title='bbox 129 2635 136 2638; x_wconf 44' lang='lat'><strong>‘⁷</strong></span> <span class='ocrx_word' id='word_1_303' title='bbox 165 2621 322 2672; x_wconf 88' lang='lat' dir='ltr'><strong>Deus</strong></span> <span class='ocrx_word' id='word_1_304' title='bbox 343 2626 665 2687; x_wconf 83' lang='lat' dir='ltr'><strong>regeneret.</strong></span> <span class='ocrx_word' id='word_1_305' title='bbox 737 2618 1016 2669; x_wconf 85' lang='lat' dir='ltr'><strong>Volumus</strong></span> <span class='ocrx_word' id='word_1_306' title='bbox 1047 2616 1280 2685; x_wconf 89' lang='lat' dir='ltr'><strong>quidem</strong></span> <span class='ocrx_word' id='word_1_307' title='bbox 1311 2625 1369 2667; x_wconf 90' lang='lat' dir='ltr'><strong>et</strong></span> <span class='ocrx_word' id='word_1_308' title='bbox 1394 2617 1684 2686; x_wconf 84' lang='lat' dir='ltr'><strong>eligimus,</strong></span> <span class='ocrx_word' id='word_1_309' title='bbox 1729 2617 1903 2685; x_wconf 88' lang='lat' dir='ltr'><strong>idque</strong></span> <span class='ocrx_word' id='word_1_310' title='bbox 1939 2625 2178 2685; x_wconf 86' lang='lat' dir='ltr'><strong>sponte,</strong></span> <span class='ocrx_word' id='word_1_311' title='bbox 2215 2616 2314 2674; x_wconf 87' lang='lat' dir='ltr'><strong>sed</strong></span> <span class='ocrx_word' id='word_1_312' title='bbox 2348 2617 2441 2670; x_wconf 85' lang='lat' dir='ltr'><strong>fu·</strong></span> 
     </span>
     <span class='ocr_line' id='line_1_34' title="bbox 164 2686 2437 2757; baseline -0.002 -16"><span class='ocrx_word' id='word_1_313' title='bbox 164 2689 321 2741; x_wconf 87' lang='lat' dir='ltr'><strong>rioso</strong></span> <span class='ocrx_word' id='word_1_314' title='bbox 350 2705 529 2757; x_wconf 85' lang='lat' dir='ltr'><strong>prope</strong></span> <span class='ocrx_word' id='word_1_315' title='bbox 551 2687 775 2755; x_wconf 88' lang='lat' dir='ltr'><strong>impetu</strong></span> <span class='ocrx_word' id='word_1_316' title='bbox 806 2687 1069 2739; x_wconf 84' lang='lat' dir='ltr'><strong>voluntas</strong></span> <span class='ocrx_word' id='word_1_317' title='bbox 1095 2688 1280 2740; x_wconf 80' lang='lat' dir='ltr'><strong>fertur</strong></span> <span class='ocrx_word' id='word_1_318' title='bbox 1310 2687 1383 2738; x_wconf 89' lang='lat' dir='ltr'><strong>ad</strong></span> <span class='ocrx_word' id='word_1_319' title='bbox 1407 2686 1848 2757; x_wconf 82' lang='lat' dir='ltr'><strong>repugnandum</strong></span> <span class='ocrx_word' id='word_1_320' title='bbox 1877 2687 2038 2753; x_wconf 85' lang='lat' dir='ltr'><strong>Deo,</strong></span> <span class='ocrx_word' id='word_1_321' title='bbox 2091 2704 2202 2739; x_wconf 88' lang='lat' dir='ltr'><strong>nec</strong></span> <span class='ocrx_word' id='word_1_322' title='bbox 2243 2703 2300 2737; x_wconf 87' lang='lat' dir='ltr'><strong>se</strong></span> <span class='ocrx_word' id='word_1_323' title='bbox 2316 2688 2437 2739; x_wconf 87' lang='lat' dir='ltr'><strong>eius</strong></span> 
     </span>
     <span class='ocr_line' id='line_1_35' title="bbox 165 2755 2443 2824; baseline -0.001 -13"><span class='ocrx_word' id='word_1_324' title='bbox 165 2759 424 2811; x_wconf 87' lang='lat' dir='ltr'><strong>iustitiae</strong></span> <span class='ocrx_word' id='word_1_325' title='bbox 463 2758 803 2812; x_wconf 83' lang='lat' dir='ltr'><strong>submittere</strong></span> <span class='ocrx_word' id='word_1_326' title='bbox 840 2757 960 2809; x_wconf 88' lang='lat' dir='ltr'><strong>ullo</strong></span> <span class='ocrx_word' id='word_1_327' title='bbox 998 2758 1172 2824; x_wconf 83' lang='lat' dir='ltr'><strong>modo</strong></span> <span class='ocrx_word' id='word_1_328' title='bbox 1211 2765 1415 2824; x_wconf 83' lang='lat' dir='ltr'><strong>potest.</strong></span> <span class='ocrx_word' id='word_1_329' title='bbox 1485 2761 1573 2809; x_wconf 85' lang='lat' dir='ltr'><strong>Ita</strong></span> <span class='ocrx_word' id='word_1_330' title='bbox 1611 2757 1710 2823; x_wconf 86' lang='lat' dir='ltr'><strong>fit,</strong></span> <span class='ocrx_word' id='word_1_331' title='bbox 1763 2767 1825 2809; x_wconf 92' lang='lat' dir='ltr'><strong>ut</strong></span> <span class='ocrx_word' id='word_1_332' title='bbox 1852 2758 1971 2808; x_wconf 86' lang='lat' dir='ltr'><strong>Lex</strong></span> <span class='ocrx_word' id='word_1_333' title='bbox 1997 2755 2248 2810; x_wconf 82' lang='lat' dir='ltr'><strong>exitialis</strong></span> <span class='ocrx_word' id='word_1_334' title='bbox 2274 2757 2443 2822; x_wconf 87' lang='lat' dir='ltr'><strong>nobis</strong></span> 
     </span>
     <span class='ocr_line' id='line_1_36' title="bbox 169 2825 2445 2898; baseline -0.003 -15"><span class='ocrx_word' id='word_1_335' title='bbox 169 2830 245 2883; x_wconf 79' lang='lat' dir='ltr'><strong>sit</strong></span> <span class='ocrx_word' id='word_1_336' title='bbox 272 2846 341 2880; x_wconf 89' lang='lat' dir='ltr'><strong>ac</strong></span> <span class='ocrx_word' id='word_1_337' title='bbox 373 2828 675 2881; x_wconf 80' lang='lat' dir='ltr'><strong>mortifera</strong></span> <span class='ocrx_word' id='word_1_338' title='bbox 694 2866 710 2893; x_wconf 93' lang='lat'><strong>,</strong></span> <span class='ocrx_word' id='word_1_339' title='bbox 760 2828 1035 2896; x_wconf 86' lang='lat' dir='ltr'><strong>quamdiu</strong></span> <span class='ocrx_word' id='word_1_340' title='bbox 1060 2829 1118 2879; x_wconf 86' lang='lat' dir='ltr'><strong>in</strong></span> <span class='ocrx_word' id='word_1_341' title='bbox 1146 2825 1357 2882; x_wconf 84' lang='lat' dir='ltr'><strong>tabulis</strong></span> <span class='ocrx_word' id='word_1_342' title='bbox 1382 2828 1622 2897; x_wconf 85' lang='lat' dir='ltr'><strong>lapideis</strong></span> <span class='ocrx_word' id='word_1_343' title='bbox 1649 2827 1864 2895; x_wconf 86' lang='lat' dir='ltr'><strong>scripta</strong></span> <span class='ocrx_word' id='word_1_344' title='bbox 1888 2834 2088 2879; x_wconf 86' lang='lat' dir='ltr'><strong>manet</strong></span> <span class='ocrx_word' id='word_1_345' title='bbox 2106 2866 2123 2896; x_wconf 93' lang='lat'><strong>,</strong></span> <span class='ocrx_word' id='word_1_346' title='bbox 2169 2827 2445 2898; x_wconf 83' lang='lat' dir='ltr'><strong>quemad-</strong></span> 
     </span>
     <span class='ocr_line' id='line_1_37' title="bbox 171 2895 2453 2967; baseline -0.001 -15"><span class='ocrx_word' id='word_1_347' title='bbox 171 2898 407 2952; x_wconf 85' lang='lat' dir='ltr'><strong>modum</strong></span> <span class='ocrx_word' id='word_1_348' title='bbox 447 2895 622 2950; x_wconf 85' lang='lat' dir='ltr'><strong>eti&#39;am</strong></span> <span class='ocrx_word' id='word_1_349' title='bbox 665 2899 830 2949; x_wconf 85' lang='lat' dir='ltr'><strong>docet</strong></span> <span class='ocrx_word' id='word_1_350' title='bbox 858 2900 1066 2950; x_wconf 83' lang='lat' dir='ltr'><strong>Paulus</strong></span> <span class='ocrx_word' id='word_1_351' title='bbox 1097 2899 1433 2967; x_wconf 87' lang='lat' dir='ltr'><strong>posterioris</strong></span> <span class='ocrx_word' id='word_1_352' title='bbox 1472 2900 1543 2951; x_wconf 87' lang='lat' dir='ltr'><strong>ad</strong></span> <span class='ocrx_word' id='word_1_353' title='bbox 1571 2898 1831 2951; x_wconf 86' lang='lat' dir='ltr'><strong>Corinth.</strong></span> <span class='ocrx_word' id='word_1_354' title='bbox 1862 2896 2132 2965; x_wconf 77' lang='lat' dir='ltr'><strong>epistolae</strong></span> <span class='ocrx_word' id='word_1_355' title='bbox 2159 2914 2284 2965; x_wconf 86' lang='lat' dir='ltr'><strong>cap.</strong></span> <span class='ocrx_word' id='word_1_356' title='bbox 2305 2897 2453 2965; x_wconf 49' lang='lat'><strong>3531</strong></span> 
     </span>
     <span class='ocr_line' id='line_1_38' title="bbox 172 2968 2441 3039; baseline -0.003 -16"><span class='ocrx_word' id='word_1_357' title='bbox 172 2971 438 3038; x_wconf 66' lang='lat' dir='ltr'><strong>Denique</strong></span> <span class='ocrx_word' id='word_1_358' title='bbox 463 2973 603 3021; x_wconf 80' lang='lat' dir='ltr'><strong>tunc</strong></span> <span class='ocrx_word' id='word_1_359' title='bbox 640 2970 977 3020; x_wconf 86' lang='lat' dir='ltr'><strong>obedienter</strong></span> <span class='ocrx_word' id='word_1_360' title='bbox 1012 2969 1452 3036; x_wconf 78' lang='lat' dir='ltr'><strong>amplectimur,</strong></span> <span class='ocrx_word' id='word_1_361' title='bbox 1503 2969 1657 3039; x_wconf 83' lang='lat' dir='ltr'><strong>quod</strong></span> <span class='ocrx_word' id='word_1_362' title='bbox 1682 2971 1841 3022; x_wconf 89' lang='lat' dir='ltr'><strong>Deus</strong></span> <span class='ocrx_word' id='word_1_363' title='bbox 1879 2968 2071 3033; x_wconf 89' lang='lat' dir='ltr'><strong>iubet,</strong></span> <span class='ocrx_word' id='word_1_364' title='bbox 2121 2983 2295 3036; x_wconf 88' lang='lat' dir='ltr'><strong>quum</strong></span> <span class='ocrx_word' id='word_1_365' title='bbox 2336 2985 2441 3019; x_wconf 86' lang='lat' dir='ltr'><strong>suo</strong></span> 
     </span>
     <span class='ocr_line' id='line_1_39' title="bbox 174 3037 2443 3109; baseline -0.001 -17"><span class='ocrx_word' id='word_1_366' title='bbox 174 3041 391 3109; x_wconf 82' lang='lat' dir='ltr'><strong>Spiritu</strong></span> <span class='ocrx_word' id='word_1_367' title='bbox 427 3041 683 3090; x_wconf 74' lang='lat' dir='ltr'><strong>nativam</strong></span> <span class='ocrx_word' id='word_1_368' title='bbox 719 3039 983 3091; x_wconf 80' lang='lat' dir='ltr'><strong>cordium</strong></span> <span class='ocrx_word' id='word_1_369' title='bbox 1012 3040 1358 3107; x_wconf 84' lang='lat' dir='ltr'><strong>pravitatem</strong></span> <span class='ocrx_word' id='word_1_370' title='bbox 1389 3048 1577 3090; x_wconf 88' lang='lat' dir='ltr'><strong>mutat</strong></span> <span class='ocrx_word' id='word_1_371' title='bbox 1616 3048 1683 3092; x_wconf 87' lang='lat' dir='ltr'><strong>et·</strong></span> <span class='ocrx_word' id='word_1_372' title='bbox 1714 3039 1987 3107; x_wconf 79' lang='lat' dir='ltr'><strong>corrigit3</strong></span> <span class='ocrx_word' id='word_1_373' title='bbox 2042 3037 2263 3107; x_wconf 80' lang='lat' dir='ltr'><strong>alioqui</strong></span> <span class='ocrx_word' id='word_1_374' title='bbox 2295 3037 2443 3090; x_wconf 85' lang='lat' dir='ltr'><strong>nihil</strong></span> 
     </span>
    </p>
   </div>
   <div class='ocr_carea' id='block_1_3' title="bbox 73 3109 2445 3182">
    <p class='ocr_par' dir='ltr' id='par_1_5' title="bbox 73 3109 2445 3182">
     <span class='ocr_line' id='line_1_40' title="bbox 73 3109 2445 3182; baseline -0.001 -20"><span class='ocrx_word' id='word_1_375' title='bbox 73 3153 80 3178; x_wconf 64' lang='lat'><strong>.›</strong></span> <span class='ocrx_word' id='word_1_376' title='bbox 170 3111 234 3163; x_wconf 86' lang='lat' dir='ltr'><strong>in</strong></span> <span class='ocrx_word' id='word_1_377' title='bbox 269 3111 434 3162; x_wconf 83' lang='lat' dir='ltr'><strong>nobis</strong></span> <span class='ocrx_word' id='word_1_378' title='bbox 467 3110 905 3182; x_wconf 48' lang='lat' dir='ltr'><strong>quamgvitiosos</strong></span> <span class='ocrx_word' id='word_1_379' title='bbox 935 3111 1174 3161; x_wconf 82' lang='lat' dir='ltr'><strong>affectus</strong></span> <span class='ocrx_word' id='word_1_380' title='bbox 1204 3119 1260 3159; x_wconf 90' lang='lat' dir='ltr'><strong>et</strong></span> <span class='ocrx_word' id='word_1_381' title='bbox 1288 3117 1481 3160; x_wconf 89' lang='lat' dir='ltr'><strong>totum</strong></span> <span class='ocrx_word' id='word_1_382' title='bbox 1506 3126 1608 3162; x_wconf 87' lang='lat' dir='ltr'><strong>cor</strong></span> <span class='ocrx_word' id='word_1_383' title='bbox 1642 3109 2130 3162; x_wconf 33' lang='lat' dir='ltr'><strong>melosaddictum</strong></span> <span class='ocrx_word' id='word_1_384' title='bbox 2167 3111 2445 3178; x_wconf 86' lang='lat' dir='ltr'><strong>reperiet.</strong></span> 
     </span>
    </p>
   </div>
   <div class='ocr_carea' id='block_1_4' title="bbox 153 3173 2551 4517">
    <p class='ocr_par' dir='ltr' id='par_1_6' title="bbox 173 3173 2440 3249">
     <span class='ocr_line' id='line_1_41' title="bbox 173 3173 2440 3249; baseline -0.001 -16"><span class='ocrx_word' id='word_1_385' title='bbox 173 3181 350 3233; x_wconf 86' lang='lat' dir='ltr'><strong>Clara</strong></span> <span class='ocrx_word' id='word_1_386' title='bbox 375 3181 529 3231; x_wconf 87' lang='lat' dir='ltr'><strong>enim</strong></span> <span class='ocrx_word' id='word_1_387' title='bbox 559 3190 644 3231; x_wconf 88' lang='lat' dir='ltr'><strong>est</strong></span> <span class='ocrx_word' id='word_1_388' title='bbox 671 3181 990 3247; x_wconf 84' lang='lat' dir='ltr'><strong>sententia,</strong></span> <span class='ocrx_word' id='word_1_389' title='bbox 1044 3178 1487 3247; x_wconf 87' lang='lat' dir='ltr'><strong>percutiendum</strong></span> <span class='ocrx_word' id='word_1_390' title='bbox 1520 3196 1644 3231; x_wconf 85' lang='lat' dir='ltr'><strong>esse</strong></span> <span class='ocrx_word' id='word_1_391' title='bbox 1666 3197 1875 3233; x_wconf 83' lang='lat' dir='ltr'><strong>novum</strong></span> <span class='ocrx_word' id='word_1_392' title='bbox 1900 3178 2134 3244; x_wconf 83' lang='lat' dir='ltr'><strong>foedus,</strong></span> <span class='ocrx_word' id='word_1_393' title='bbox 2189 3197 2302 3249; x_wconf 88' lang='lat' dir='ltr'><strong>quo</strong></span> <span class='ocrx_word' id='word_1_394' title='bbox 2329 3173 2440 3231; x_wconf 81' lang='lat' dir='ltr'><strong>Le—</strong></span> 
     </span>
    </p>

    <p class='ocr_par' dir='ltr' id='par_1_7' title="bbox 170 3249 2447 3390">
     <span class='ocr_line' id='line_1_42' title="bbox 170 3249 2447 3321; baseline 0.001 -18"><span class='ocrx_word' id='word_1_395' title='bbox 170 3268 272 3320; x_wconf 81' lang='lat' dir='ltr'><strong>ges</strong></span> <span class='ocrx_word' id='word_1_396' title='bbox 310 3267 439 3316; x_wconf 81' lang='lat' dir='ltr'><strong>suas</strong></span> <span class='ocrx_word' id='word_1_397' title='bbox 479 3251 745 3304; x_wconf 83' lang='lat' dir='ltr'><strong>cordibus</strong></span> <span class='ocrx_word' id='word_1_398' title='bbox 782 3253 937 3302; x_wconf 90' lang='lat' dir='ltr'><strong>Deus</strong></span> <span class='ocrx_word' id='word_1_399' title='bbox 977 3250 1296 3318; x_wconf 87' lang='lat' dir='ltr'><strong>insculpat,</strong></span> <span class='ocrx_word' id='word_1_400' title='bbox 1333 3249 1491 3318; x_wconf 29' lang='lat' dir='ltr'><strong>*quia</strong></span> <span class='ocrx_word' id='word_1_401' title='bbox 1533 3250 1752 3321; x_wconf 81' lang='lat' dir='ltr'><strong>alioqui</strong></span> <span class='ocrx_word' id='word_1_402' title='bbox 1794 3252 2054 3303; x_wconf 82' lang='lat' dir='ltr'><strong>futurum</strong></span> <span class='ocrx_word' id='word_1_403' title='bbox 2091 3249 2166 3300; x_wconf 86' lang='lat' dir='ltr'><strong>sit</strong></span> <span class='ocrx_word' id='word_1_404' title='bbox 2198 3249 2447 3318; x_wconf 74' lang='lat' dir='ltr'><strong>irritum.</strong></span> 
     </span>
     <span class='ocr_line' id='line_1_43' title="bbox 172 3319 2440 3390; baseline -0.002 -17"><span class='ocrx_word' id='word_1_405' title='bbox 172 3320 503 3373; x_wconf 77' lang='lat' dir='ltr'><strong>Secundum</strong></span> <span class='ocrx_word' id='word_1_406' title='bbox 531 3329 707 3390; x_wconf 84' lang='lat' dir='ltr'><strong>caput</strong></span> <span class='ocrx_word' id='word_1_407' title='bbox 733 3330 819 3372; x_wconf 88' lang='lat' dir='ltr'><strong>est</strong></span> <span class='ocrx_word' id='word_1_408' title='bbox 843 3321 1194 3390; x_wconf 67' lang='lat' dir='ltr'><strong>degratuita</strong></span> <span class='ocrx_word' id='word_1_409' title='bbox 1221 3327 1598 3386; x_wconf 77' lang='lat' dir='ltr'><strong>peecatorum</strong></span> <span class='ocrx_word' id='word_1_410' title='bbox 1631 3321 1815 3373; x_wconf 84' lang='lat' dir='ltr'><strong>venia.</strong></span> <span class='ocrx_word' id='word_1_411' title='bbox 1886 3319 2131 3372; x_wconf 87' lang='lat' dir='ltr'><strong>Etiamsi</strong></span> <span class='ocrx_word' id='word_1_412' title='bbox 2164 3319 2440 3389; x_wconf 77' lang='lat' dir='ltr'><strong>peccave·</strong></span> 
     </span>
    </p>

    <p class='ocr_par' dir='ltr' id='par_1_8' title="bbox 170 3390 2440 3461">
     <span class='ocr_line' id='line_1_44' title="bbox 170 3390 2440 3461; baseline -0 -18"><span class='ocrx_word' id='word_1_413' title='bbox 170 3392 330 3456; x_wconf 86' lang='lat' dir='ltr'><strong>rint,</strong></span> <span class='ocrx_word' id='word_1_414' title='bbox 391 3392 583 3461; x_wconf 85' lang='lat' dir='ltr'><strong>inquit</strong></span> <span class='ocrx_word' id='word_1_415' title='bbox 621 3392 940 3457; x_wconf 84' lang='lat' dir='ltr'><strong>Dominus,</strong></span> <span class='ocrx_word' id='word_1_416' title='bbox 1003 3400 1200 3443; x_wconf 86' lang='lat' dir='ltr'><strong>tamen</strong></span> <span class='ocrx_word' id='word_1_417' title='bbox 1250 3390 1573 3458; x_wconf 83' lang='lat' dir='ltr'><strong>ignoscam.</strong></span> <span class='ocrx_word' id='word_1_418' title='bbox 1652 3392 1780 3442; x_wconf 91' lang='lat' dir='ltr'><strong>Hoc</strong></span> <span class='ocrx_word' id='word_1_419' title='bbox 1821 3408 2047 3460; x_wconf 86' lang='lat' dir='ltr'><strong>quoque</strong></span> <span class='ocrx_word' id='word_1_420' title='bbox 2096 3402 2270 3460; x_wconf 88' lang='lat' dir='ltr'><strong>caput</strong></span> <span class='ocrx_word' id='word_1_421' title='bbox 2314 3391 2440 3460; x_wconf 84' lang='lat' dir='ltr'><strong>plus</strong></span> 
     </span>
    </p>

    <p class='ocr_par' dir='ltr' id='par_1_9' title="bbox 153 3461 2523 4442">
     <span class='ocr_line' id='line_1_45' title="bbox 169 3461 2444 3532; baseline -0.001 -18"><span class='ocrx_word' id='word_1_422' title='bbox 169 3478 352 3532; x_wconf 80' lang='lat' dir='ltr'><strong>quam</strong></span> <span class='ocrx_word' id='word_1_423' title='bbox 379 3463 767 3513; x_wconf 85' lang='lat' dir='ltr'><strong>necessarium</strong></span> <span class='ocrx_word' id='word_1_424' title='bbox 803 3471 919 3522; x_wconf 70' lang='lat' dir='ltr'><strong>est·⁹</strong></span> <span class='ocrx_word' id='word_1_425' title='bbox 971 3478 1160 3529; x_wconf 83' lang='lat' dir='ltr'><strong>neq-ue</strong></span> <span class='ocrx_word' id='word_1_426' title='bbox 1194 3462 1347 3512; x_wconf 85' lang='lat' dir='ltr'><strong>enim</strong></span> <span class='ocrx_word' id='word_1_427' title='bbox 1377 3461 1742 3530; x_wconf 7' lang='lat' dir='ltr'><strong>siccunquam</strong></span> <span class='ocrx_word' id='word_1_428' title='bbox 1770 3462 1833 3512; x_wconf 89' lang='lat' dir='ltr'><strong>in</strong></span> <span class='ocrx_word' id='word_1_429' title='bbox 1862 3461 2252 3513; x_wconf 87' lang='lat' dir='ltr'><strong>obedientiam</strong></span> <span class='ocrx_word' id='word_1_430' title='bbox 2279 3461 2444 3513; x_wconf 88' lang='lat' dir='ltr'><strong>iusti-</strong></span> 
     </span>
     <span class='ocr_line' id='line_1_46' title="bbox 173 3530 2442 3599; baseline 0 -16"><span class='ocrx_word' id='word_1_431' title='bbox 173 3531 299 3584; x_wconf 88' lang='lat' dir='ltr'><strong>tiae</strong></span> <span class='ocrx_word' id='word_1_432' title='bbox 325 3549 464 3583; x_wconf 85' lang='lat' dir='ltr'><strong>suae</strong></span> <span class='ocrx_word' id='word_1_433' title='bbox 478 3534 632 3584; x_wconf 89' lang='lat' dir='ltr'><strong>Deus</strong></span> <span class='ocrx_word' id='word_1_434' title='bbox 657 3547 763 3581; x_wconf 87' lang='lat' dir='ltr'><strong>nos</strong></span> <span class='ocrx_word' id='word_1_435' title='bbox 788 3532 1031 3596; x_wconf 84' lang='lat' dir='ltr'><strong>format,</strong></span> <span class='ocrx_word' id='word_1_436' title='bbox 1069 3530 1208 3599; x_wconf 85' lang='lat' dir='ltr'><strong>quin</strong></span> <span class='ocrx_word' id='word_1_437' title='bbox 1234 3532 1524 3598; x_wconf 86' lang='lat' dir='ltr'><strong>supersint</strong></span> <span class='ocrx_word' id='word_1_438' title='bbox 1547 3532 1713 3583; x_wconf 89' lang='lat' dir='ltr'><strong>multi</strong></span> <span class='ocrx_word' id='word_1_439' title='bbox 1737 3532 1925 3583; x_wconf 76' lang='lat' dir='ltr'><strong>vitiosi</strong></span> <span class='ocrx_word' id='word_1_440' title='bbox 1952 3531 2144 3583; x_wconf 89' lang='lat' dir='ltr'><strong>carnis</strong></span> <span class='ocrx_word' id='word_1_441' title='bbox 2171 3532 2442 3585; x_wconf 80' lang='lat' dir='ltr'><strong>affectus:</strong></span> 
     </span>
     <span class='ocr_line' id='line_1_47' title="bbox 168 3600 2442 3670; baseline -0.001 -15"><span class='ocrx_word' id='word_1_442' title='bbox 168 3602 298 3655; x_wconf 80' lang='lat' dir='ltr'><strong>imo</strong></span> <span class='ocrx_word' id='word_1_443' title='bbox 334 3610 563 3654; x_wconf 85' lang='lat' dir='ltr'><strong>tantum</strong></span> <span class='ocrx_word' id='word_1_444' title='bbox 603 3601 795 3669; x_wconf 88' lang='lat' dir='ltr'><strong>aliqua</strong></span> <span class='ocrx_word' id='word_1_445' title='bbox 820 3618 889 3652; x_wconf 86' lang='lat' dir='ltr'><strong>ex</strong></span> <span class='ocrx_word' id='word_1_446' title='bbox 917 3609 1080 3670; x_wconf 73' lang='lat' dir='ltr'><strong>parte</strong></span> <span class='ocrx_word' id='word_1_447' title='bbox 1113 3602 1425 3669; x_wconf 83' lang='lat' dir='ltr'><strong>corrigitur</strong></span> <span class='ocrx_word' id='word_1_448' title='bbox 1451 3612 1695 3655; x_wconf 87' lang='lat' dir='ltr'><strong>naturae</strong></span> <span class='ocrx_word' id='word_1_449' title='bbox 1724 3610 1957 3653; x_wconf 88' lang='lat' dir='ltr'><strong>nostrae</strong></span> <span class='ocrx_word' id='word_1_450' title='bbox 1985 3600 2297 3653; x_wconf 47' lang='lat' dir='ltr'><strong>vitiositas„</strong></span> <span class='ocrx_word' id='word_1_451' title='bbox 2350 3604 2442 3653; x_wconf 85' lang='lat' dir='ltr'><strong>Ita</strong></span> 
     </span>
     <span class='ocr_line' id='line_1_48' title="bbox 171 3670 2445 3753; baseline -0.002 -27"><span class='ocrx_word' id='word_1_452' title='bbox 171 3673 417 3728; x_wconf 86' lang='lat' dir='ltr'><strong>subinde</strong></span> <span class='ocrx_word' id='word_1_453' title='bbox 447 3672 952 3723; x_wconf 73' lang='lat' dir='ltr'><strong>ebulliuntmalae</strong></span> <span class='ocrx_word' id='word_1_454' title='bbox 977 3670 1338 3753; x_wconf 59' lang='lat' dir='ltr'><strong>oppiditates.</strong></span> <span class='ocrx_word' id='word_1_455' title='bbox 1413 3674 1597 3742; x_wconf 89' lang='lat' dir='ltr'><strong>Atque</strong></span> <span class='ocrx_word' id='word_1_456' title='bbox 1635 3671 1773 3723; x_wconf 86' lang='lat' dir='ltr'><strong>hinc</strong></span> <span class='ocrx_word' id='word_1_457' title='bbox 1813 3680 2106 3723; x_wconf 87' lang='lat' dir='ltr'><strong>certamen</strong></span> <span class='ocrx_word' id='word_1_458' title='bbox 2143 3670 2317 3736; x_wconf 89' lang='lat' dir='ltr'><strong>illud,</strong></span> <span class='ocrx_word' id='word_1_459' title='bbox 2370 3671 2445 3722; x_wconf 86' lang='lat' dir='ltr'><strong>de</strong></span> 
     </span>
     <span class='ocr_line' id='line_1_49' title="bbox 171 3740 2448 3812; baseline -0.001 -17"><span class='ocrx_word' id='word_1_460' title='bbox 171 3760 290 3812; x_wconf 86' lang='lat' dir='ltr'><strong>quo</strong></span> <span class='ocrx_word' id='word_1_461' title='bbox 321 3742 529 3795; x_wconf 81' lang='lat' dir='ltr'><strong>Paulus</strong></span> <span class='ocrx_word' id='word_1_462' title='bbox 569 3743 760 3809; x_wconf 70' lang='lat' dir='ltr'><strong>(Romz</strong></span> <span class='ocrx_word' id='word_1_463' title='bbox 785 3740 841 3807; x_wconf 87' lang='lat'><strong>7,</strong></span> <span class='ocrx_word' id='word_1_464' title='bbox 873 3742 980 3805; x_wconf 89' lang='lat'><strong>19.)</strong></span> <span class='ocrx_word' id='word_1_465' title='bbox 1026 3742 1433 3811; x_wconf 66' lang='lat' dir='ltr'><strong>conqueritur,</strong></span> <span class='ocrx_word' id='word_1_466' title='bbox 1482 3751 1549 3795; x_wconf 91' lang='lat' dir='ltr'><strong>ut</strong></span> <span class='ocrx_word' id='word_1_467' title='bbox 1583 3742 1669 3809; x_wconf 86' lang='lat' dir='ltr'><strong>pii</strong></span> <span class='ocrx_word' id='word_1_468' title='bbox 1703 3756 1823 3794; x_wconf 88' lang='lat' dir='ltr'><strong>non</strong></span> <span class='ocrx_word' id='word_1_469' title='bbox 1862 3743 2254 3810; x_wconf 86' lang='lat' dir='ltr'><strong>obsequantur</strong></span> <span class='ocrx_word' id='word_1_470' title='bbox 2290 3744 2448 3808; x_wconf 73' lang='lat' dir='ltr'><strong>Deo,</strong></span> 
     </span>
     <span class='ocr_line' id='line_1_50' title="bbox 169 3812 2442 3881; baseline -0.002 -14"><span class='ocrx_word' id='word_1_471' title='bbox 169 3824 241 3870; x_wconf 85' lang='lat' dir='ltr'><strong>ut</strong></span> <span class='ocrx_word' id='word_1_472' title='bbox 269 3813 544 3876; x_wconf 86' lang='lat' dir='ltr'><strong>decebat,</strong></span> <span class='ocrx_word' id='word_1_473' title='bbox 599 3812 699 3862; x_wconf 85' lang='lat' dir='ltr'><strong>sed</strong></span> <span class='ocrx_word' id='word_1_474' title='bbox 729 3812 1121 3878; x_wconf 16' lang='lat' dir='ltr'><strong>variisvmodis</strong></span> <span class='ocrx_word' id='word_1_475' title='bbox 1160 3812 1478 3864; x_wconf 86' lang='lat' dir='ltr'><strong>offendant.</strong></span> <span class='ocrx_word' id='word_1_476' title='bbox 1550 3812 1962 3880; x_wconf 68' lang='lat' dir='ltr'><strong>Qualecunque</strong></span> <span class='ocrx_word' id='word_1_477' title='bbox 2002 3815 2320 3881; x_wconf 75' lang='lat' dir='ltr'><strong>ergo,iuste</strong></span> <span class='ocrx_word' id='word_1_478' title='bbox 2357 3814 2442 3862; x_wconf 82' lang='lat' dir='ltr'><strong>vi-</strong></span> 
     </span>
     <span class='ocr_line' id='line_1_51' title="bbox 157 3882 2477 3948; baseline 0 -18"><span class='ocrx_word' id='word_1_479' title='bbox 157 3884 352 3936; x_wconf 85' lang='lat' dir='ltr'><strong>.vendi</strong></span> <span class='ocrx_word' id='word_1_480' title='bbox 389 3883 464 3934; x_wconf 90' lang='lat' dir='ltr'><strong>sit</strong></span> <span class='ocrx_word' id='word_1_481' title='bbox 495 3882 560 3933; x_wconf 86' lang='lat' dir='ltr'><strong>in</strong></span> <span class='ocrx_word' id='word_1_482' title='bbox 595 3882 764 3934; x_wconf 85' lang='lat' dir='ltr'><strong>nobis</strong></span> <span class='ocrx_word' id='word_1_483' title='bbox 800 3882 1181 3948; x_wconf 82' lang='lat' dir='ltr'><strong>desiderium3</strong></span> <span class='ocrx_word' id='word_1_484' title='bbox 1205 3905 1208 3908; x_wconf 97' lang='lat'>·</span> <span class='ocrx_word' id='word_1_485' title='bbox 1228 3882 1313 3933; x_wconf 91' lang='lat' dir='ltr'><strong>rei</strong></span> <span class='ocrx_word' id='word_1_486' title='bbox 1340 3892 1542 3934; x_wconf 83' lang='lat' dir='ltr'><strong>tamen</strong></span> <span class='ocrx_word' id='word_1_487' title='bbox 1573 3895 1842 3934; x_wconf 83' lang='lat' dir='ltr'><strong>aeternae</strong></span> <span class='ocrx_word' id='word_1_488' title='bbox 1869 3884 2068 3936; x_wconf 78' lang='lat' dir='ltr'><strong>mortis</strong></span> <span class='ocrx_word' id='word_1_489' title='bbox 2094 3899 2293 3935; x_wconf 80' lang='lat' dir='ltr'><strong>coram</strong></span> <span class='ocrx_word' id='word_1_490' title='bbox 2323 3886 2477 3936; x_wconf 70' lang='lat' dir='ltr'><strong>Deo.</strong></span> 
     </span>
     <span class='ocr_line' id='line_1_52' title="bbox 177 3951 2443 4021; baseline -0 -15"><span class='ocrx_word' id='word_1_491' title='bbox 177 3953 431 4018; x_wconf 87' lang='lat' dir='ltr'><strong>erimus,</strong></span> <span class='ocrx_word' id='word_1_492' title='bbox 492 3951 632 4021; x_wconf 71' lang='lat' dir='ltr'><strong>quia</strong></span> <span class='ocrx_word' id='word_1_493' title='bbox 668 3965 897 4019; x_wconf 85' lang='lat' dir='ltr'><strong>semper</strong></span> <span class='ocrx_word' id='word_1_494' title='bbox 934 3952 1136 4018; x_wconf 88' lang='lat' dir='ltr'><strong>procul</strong></span> <span class='ocrx_word' id='word_1_495' title='bbox 1171 3953 1342 4012; x_wconf 71' lang='lat' dir='ltr'><strong>⁸abest</strong></span> <span class='ocrx_word' id='word_1_496' title='bbox 1381 3953 1500 4003; x_wconf 82' lang='lat' dir='ltr'><strong>vita</strong></span> <span class='ocrx_word' id='word_1_497' title='bbox 1536 3951 1738 4004; x_wconf 74' lang='lat' dir='ltr'><strong>nostra</strong></span> <span class='ocrx_word' id='word_1_498' title='bbox 1779 3970 1812 4002; x_wconf 90' lang='lat' dir='ltr'><strong>a</strong></span> <span class='ocrx_word' id='word_1_499' title='bbox 1850 3953 2023 4019; x_wconf 83' lang='lat' dir='ltr'><strong>Legis</strong></span> <span class='ocrx_word' id='word_1_500' title='bbox 2066 3954 2443 4019; x_wconf 78' lang='lat' dir='ltr'><strong>perfectione.</strong></span> 
     </span>
     <span class='ocr_line' id='line_1_53' title="bbox 171 4015 2459 4092; baseline -0.001 -16"><span class='ocrx_word' id='word_1_501' title='bbox 171 4023 536 4092; x_wconf 23' lang='lat' dir='ltr'><strong>Nullatergo</strong></span> <span class='ocrx_word' id='word_1_502' title='bbox 577 4021 988 4082; x_wconf 19' lang='lat' dir='ltr'><strong>foederissserit</strong></span> <span class='ocrx_word' id='word_1_503' title='bbox 1027 4022 1345 4089; x_wconf 77' lang='lat' dir='ltr'><strong>stabilitas,</strong></span> <span class='ocrx_word' id='word_1_504' title='bbox 1398 4022 1512 4073; x_wconf 88' lang='lat' dir='ltr'><strong>nisi</strong></span> <span class='ocrx_word' id='word_1_505' title='bbox 1540 4022 1793 4089; x_wconf 81' lang='lat' dir='ltr'><strong>gratuito</strong></span> <span class='ocrx_word' id='word_1_506' title='bbox 1827 4022 1992 4073; x_wconf 88' lang='lat' dir='ltr'><strong>nobis</strong></span> <span class='ocrx_word' id='word_1_507' title='bbox 2019 4033 2261 4089; x_wconf 70' lang='lat' dir='ltr'><strong>peecata</strong></span> <span class='ocrx_word' id='word_1_508' title='bbox 2290 4015 2459 4075; x_wconf 45' lang='lat' dir='ltr'><strong>Deus*</strong></span> 
     </span>
     <span class='ocr_line' id='line_1_54' title="bbox 167 4089 2447 4162; baseline -0 -18"><span class='ocrx_word' id='word_1_509' title='bbox 167 4096 457 4162; x_wconf 62' lang='lat' dir='ltr'><strong>ignoscat.</strong></span> <span class='ocrx_word' id='word_1_510' title='bbox 533 4093 854 4162; x_wconf 54' lang='lat' dir='ltr'><strong>Caeterum</strong></span> <span class='ocrx_word' id='word_1_511' title='bbox 884 4091 998 4142; x_wconf 77' lang='lat' dir='ltr'><strong>hoc</strong></span> <span class='ocrx_word' id='word_1_512' title='bbox 1038 4093 1341 4160; x_wconf 80' lang='lat' dir='ltr'><strong>singulare·</strong></span> <span class='ocrx_word' id='word_1_513' title='bbox 1368 4093 1726 4159; x_wconf 76' lang='lat' dir='ltr'><strong>privilegium</strong></span> <span class='ocrx_word' id='word_1_514' title='bbox 1766 4101 1852 4143; x_wconf 85' lang='lat' dir='ltr'><strong>est</strong></span> <span class='ocrx_word' id='word_1_515' title='bbox 1884 4089 2195 4160; x_wconf 51' lang='lat' dir='ltr'><strong>fidebam,</strong></span> <span class='ocrx_word' id='word_1_516' title='bbox 2226 4093 2327 4161; x_wconf 82' lang='lat' dir='ltr'><strong>qui</strong></span> <span class='ocrx_word' id='word_1_517' title='bbox 2360 4110 2447 4143; x_wconf 81' lang='lat' dir='ltr'><strong>se-</strong></span> 
     </span>
     <span class='ocr_line' id='line_1_55' title="bbox 175 4162 2452 4231; baseline -0 -15"><span class='ocrx_word' id='word_1_518' title='bbox 175 4165 299 4216; x_wconf 84' lang='lat' dir='ltr'><strong>mel</strong></span> <span class='ocrx_word' id='word_1_519' title='bbox 314 4164 583 4214; x_wconf 79' lang='lat' dir='ltr'><strong>&#39;oblatu‘m</strong></span> <span class='ocrx_word' id='word_1_520' title='bbox 609 4164 671 4212; x_wconf 86' lang='lat' dir='ltr'><strong>in</strong></span> <span class='ocrx_word' id='word_1_521' title='bbox 699 4162 928 4215; x_wconf 85' lang='lat' dir='ltr'><strong>Christo</strong></span> <span class='ocrx_word' id='word_1_522' title='bbox 952 4162 1155 4214; x_wconf 83' lang='lat' dir='ltr'><strong>foedus</strong></span> <span class='ocrx_word' id='word_1_523' title='bbox 1184 4162 1441 4230; x_wconf 77' lang='lat' dir='ltr'><strong>amplexi·</strong></span> <span class='ocrx_word' id='word_1_524' title='bbox 1461 4171 1625 4229; x_wconf 84' lang='lat' dir='ltr'><strong>sunt,</strong></span> <span class='ocrx_word' id='word_1_525' title='bbox 1681 4164 1833 4231; x_wconf 73' lang='lat' dir='ltr'><strong>quod</strong></span> <span class='ocrx_word' id='word_1_526' title='bbox 1858 4165 2047 4215; x_wconf 88' lang='lat' dir='ltr'><strong>Deum</strong></span> <span class='ocrx_word' id='word_1_527' title='bbox 2077 4173 2236 4215; x_wconf 89' lang='lat' dir='ltr'><strong>certo</strong></span> <span class='ocrx_word' id='word_1_528' title='bbox 2262 4164 2452 4215; x_wconf 82' lang='lat' dir='ltr'><strong>sciunt</strong></span> 
     </span>
     <span class='ocr_line' id='line_1_56' title="bbox 173 4232 2523 4302; baseline -0.001 -15"><span class='ocrx_word' id='word_1_529' title='bbox 173 4235 287 4287; x_wconf 73' lang='lat' dir='ltr'><strong>sibi</strong></span> <span class='ocrx_word' id='word_1_530' title='bbox 329 4234 648 4302; x_wconf 75' lang='lat' dir='ltr'><strong>‘propitium</strong></span> <span class='ocrx_word' id='word_1_531' title='bbox 688 4239 1017 4299; x_wconf 78' lang='lat' dir='ltr'><strong>esse,‘:-nec</strong></span> <span class='ocrx_word' id='word_1_532' title='bbox 1056 4232 1162 4284; x_wconf 89' lang='lat' dir='ltr'><strong>sibi</strong></span> <span class='ocrx_word' id='word_1_533' title='bbox 1204 4234 1439 4284; x_wconf 85' lang='lat' dir='ltr'><strong>obstare</strong></span> <span class='ocrx_word' id='word_1_534' title='bbox 1477 4244 1811 4301; x_wconf 81' lang='lat' dir='ltr'><strong>peccatum,</strong></span> <span class='ocrx_word' id='word_1_535' title='bbox 1875 4233 1969 4285; x_wconf 85' lang='lat' dir='ltr'><strong>eui</strong></span> <span class='ocrx_word' id='word_1_536' title='bbox 2019 4244 2153 4285; x_wconf 85' lang='lat' dir='ltr'><strong>sunt</strong></span> <span class='ocrx_word' id='word_1_537' title='bbox 2195 4234 2449 4299; x_wconf 79' lang='lat' dir='ltr'><strong>obnoxii,</strong></span> <span class='ocrx_word' id='word_1_538' title='bbox 2516 4279 2523 4298; x_wconf 80' lang='grc'><strong>,</strong></span> 
     </span>
     <span class='ocr_line' id='line_1_57' title="bbox 153 4304 2513 4374; baseline 0 -19"><span class='ocrx_word' id='word_1_539' title='bbox 153 4305 319 4374; x_wconf 40' lang='lat' dir='ltr'><strong>aquia</strong></span> <span class='ocrx_word' id='word_1_540' title='bbox 348 4304 792 4372; x_wconf 87' lang='lat' dir='ltr'><strong>promissionem</strong></span> <span class='ocrx_word' id='word_1_541' title='bbox 823 4304 1026 4354; x_wconf 86' lang='lat' dir='ltr'><strong>veniae</strong></span> <span class='ocrx_word' id='word_1_542' title='bbox 1054 4304 1291 4356; x_wconf 82' lang='lat' dir='ltr'><strong>habent.</strong></span> <span class='ocrx_word' id='word_1_543' title='bbox 1364 4307 1444 4354; x_wconf 84' lang='lat' dir='ltr'><strong>Ac</strong></span> <span class='ocrx_word' id='word_1_544' title='bbox 1482 4305 1803 4355; x_wconf 70' lang='lat' dir='ltr'><strong>notandum</strong></span> <span class='ocrx_word' id='word_1_545' title='bbox 1845 4313 1964 4367; x_wconf 83' lang='lat' dir='ltr'><strong>est,</strong></span> <span class='ocrx_word' id='word_1_546' title='bbox 2014 4321 2134 4357; x_wconf 79' lang='lat' dir='ltr'><strong>non</strong></span> <span class='ocrx_word' id='word_1_547' title='bbox 2170 4305 2233 4355; x_wconf 81' lang='lat' dir='ltr'><strong>in</strong></span> <span class='ocrx_word' id='word_1_548' title='bbox 2271 4321 2455 4356; x_wconf 48' lang='lat' dir='ltr'><strong>unum¹</strong></span> <span class='ocrx_word' id='word_1_549' title='bbox 2509 4363 2513 4368; x_wconf 22' lang='lat'><strong><em>⁶</em></strong></span> 
     </span>
     <span class='ocr_line' id='line_1_58' title="bbox 161 4371 2454 4442; baseline -0.001 -16"><span class='ocrx_word' id='word_1_550' title='bbox 161 4375 588 4426; x_wconf 56' lang='lat' dir='ltr'><strong>adiemrtantum</strong></span> <span class='ocrx_word' id='word_1_551' title='bbox 617 4373 879 4425; x_wconf 79' lang='lat' dir='ltr'><strong>hoc&#39;illis</strong></span> <span class='ocrx_word' id='word_1_552' title='bbox 907 4371 1204 4442; x_wconf 69' lang='lat' dir='ltr'><strong>promitti,</strong></span> <span class='ocrx_word' id='word_1_553' title='bbox 1253 4373 1355 4426; x_wconf 87' lang='lat' dir='ltr'><strong>sed</strong></span> <span class='ocrx_word' id='word_1_554' title='bbox 1381 4390 1562 4440; x_wconf 85' lang='lat' dir='ltr'><strong>usque</strong></span> <span class='ocrx_word' id='word_1_555' title='bbox 1600 4374 1665 4426; x_wconf 86' lang='lat' dir='ltr'><strong>in</strong></span> <span class='ocrx_word' id='word_1_556' title='bbox 1711 4374 1884 4424; x_wconf 76' lang='lat' dir='ltr'><strong>finem</strong></span> <span class='ocrx_word' id='word_1_557' title='bbox 1922 4374 2108 4441; x_wconf 82' lang='lat' dir='ltr'><strong>vitae,</strong></span> <span class='ocrx_word' id='word_1_558' title='bbox 2156 4383 2220 4426; x_wconf 86' lang='lat' dir='ltr'><strong>ut</strong></span> <span class='ocrx_word' id='word_1_559' title='bbox 2257 4375 2454 4441; x_wconf 85' lang='lat' dir='ltr'><strong>quoti-</strong></span> 
     </span>
    </p>

    <p class='ocr_par' dir='ltr' id='par_1_10' title="bbox 178 4443 2551 4517">
     <span class='ocr_line' id='line_1_59' title="bbox 178 4443 2551 4517; baseline -0.001 -18"><span class='ocrx_word' id='word_1_560' title='bbox 178 4443 361 4499; x_wconf 74' lang='lat' dir='ltr'><strong>diana</strong></span> <span class='ocrx_word' id='word_1_561' title='bbox 414 4445 490 4498; x_wconf 77' lang='lat' dir='ltr'><strong>sit</strong></span> <span class='ocrx_word' id='word_1_562' title='bbox 543 4446 804 4517; x_wconf 79' lang='lat' dir='ltr'><strong>ipsorum</strong></span> <span class='ocrx_word' id='word_1_563' title='bbox 855 4459 989 4498; x_wconf 84' lang='lat' dir='ltr'><strong>cum</strong></span> <span class='ocrx_word' id='word_1_564' title='bbox 1017 4448 1157 4501; x_wconf 82' lang='lat' dir='ltr'><strong>Deo</strong></span> <span class='ocrx_word' id='word_1_565' title='bbox 1201 4444 1623 4500; x_wconf 79' lang='lat' dir='ltr'><strong>reconciliatio.</strong></span> <span class='ocrx_word' id='word_1_566' title='bbox 1705 4445 1859 4497; x_wconf 86' lang='lat' dir='ltr'><strong>Nam</strong></span> <span class='ocrx_word' id='word_1_567' title='bbox 1897 4445 1991 4510; x_wconf 27' lang='lat' dir='ltr'><strong>ad·</strong></span> <span class='ocrx_word' id='word_1_568' title='bbox 2014 4454 2200 4500; x_wconf 87' lang='lat' dir='ltr'><strong>totum</strong></span> <span class='ocrx_word' id='word_1_569' title='bbox 2244 4443 2465 4497; x_wconf 75' lang='lat' dir='ltr'><strong>Christi</strong></span> <span class='ocrx_word' id='word_1_570' title='bbox 2545 4469 2551 4486; x_wconf 74' lang='grc' dir='ltr'><em>ι</em></span> 
     </span>
    </p>
   </div>
   <div class='ocr_carea' id='block_1_5' title="bbox 2462 4094 2503 4114">
    <p class='ocr_par' dir='ltr' id='par_1_11' title="bbox 2462 4094 2503 4114">
     <span class='ocr_line' id='line_1_60' title="bbox 2462 4094 2503 4114; baseline 0 0"><span class='ocrx_word' id='word_1_571' title='bbox 2462 4094 2503 4114; x_wconf 62' lang='lat' dir='ltr'><em>s</em></span> 
     </span>
    </p>
   </div>
  </div>
 </body>
</html>
