2820 4895
672 240 869 316 ’ῑΑυ
932 226 1471 316 Εἰ»ΗΕ“5ιο5
1513 234 1697 314 ωε.
1746 252 1862 316 ιν.
1915 248 1976 269 “
2355 255 2440 319 53

177 422 232 475 in
256 436 350 473 nos
370 421 473 479 'vel
503 420 565 472 in
594 429 840 490 peccata
865 419 1034 482 ferri,
1076 416 1475 471 convertimus
1500 417 1563 469 in
1593 417 2091 475 fratres‘nostros.
2162 412 2456 474 Commo··

176 492 299 543 dum
345 507 486 557 ergo
518 474 763 554 Paulus,
802 505 1005 557 *quum
1047 489 1232 541 vellet
1275 489 1643 551 describere,
1700 506 1989 556 quaenam
2022 489 2100 542 sit
2123 488 2280 551 iiuta
2308 489 2440 542 irae

176 561 510 623 moderatio,
563 558 706 609 trita
746 555 867 625 illa¹
892 556 1185 611 sententie
1227 573 1363 608 usus
1407 565 1527 607 est:
1587 556 1940 624 Irascimini,
1989 567 2046 610 et
2078 575 2149 610 ne
2178 559 2436 625 peccetis.

175 628 233 681 ld
275 635 467 680 autem
505 625 647 691 fiet,
678 620 747 678 'si
777 626 1084 678 materiam
1116 626 1240 679 irae
1263 624 1325 676 in
1356 623 1529 677 nobis
1558 622 1905 705 quaeramus
1940 627 2152 698 magis
2204 643 2337 681 uam
2373 626 2435 679 in

176 695 327 760 aliis,
367 696 847 761 indignationem
866 703 1141 748 nostram
1171 695 1235 745 in
1271 692 1514 761 propria
1541 693 1681 744 vitia
1714 705 2077 748 evomentes.
2160 645 2329 765 {uod
2362 695 2436 751 ad

176 765 337 830 alios,
373 766 569 834 potius
599 763 759 815 vitiis
789 763 1118 814 irascamur
1151 778 1325 833 quam
1354 763 1655 830 personis:
1709 779 1818 814 nec
1855 782 1923 816 ex
1963 765 2213 833 privatis
2249 766 2435 817 offen-

176 832 249 893 sis
282 830 423 884 iram
464 831 903 901 concipiemus,
955 831 1061 882 sed
1086 831 1287 898 potius
1319 847 1427 881 nos
1454 831 1526 882 ad
1556 832 1704 903 iram
1743 831 2076 886 inflammet
2109 833 2269 886 zelus
2304 834 2435 906 glo·

175 898 283 961 riae
309 900 572 953 Domini.
659 900 970 953 Postremo
1000 901 1080 951 ita
1110 899 1446 952 concitetur
1476 896 1566 949 ira
1600 898 1665 951 in
1699 900 1907 966 nobis,
1957 911 2024 957 ut
2064 918 2244 970 quum
2282 917 2432 970 opus

179 980 269 1034 est,
296 969 703 1039 ,resideatz‘ne
729 968 1055 1020 misceatur
1083 983 1219 1020 cum
1238 965 1610 1019 *turbulentis
1642 967 1837 1019 carnis
1866 968 2191 1025 affectibus.
2330 969 2435 1021 Sol

176 1053 271 1087 mm
295 1039 526 1088 occidat.
616 1037 910 1105 Quoniam
951 1036 1049 1088 vix
1089 1036 1220 1086 fieri
1265 1042 1498 1102 potest,
1550 1034 1691 1104 quin
1727 1037 2102 1102 prosiliamus
2130 1035 2435 1092 interdum.

177 1105 233 1156 ad
260 1105 536 1156 iniustam
583 1105 971 1172 vitiosamque
1013 1103 1412 1169 iracundiam,
1467 1120 1620 1172 quae
1663 1113 1750 1155 est
1791 1105 2036 1159 affectus
2074 1103 2314 1160 humani
2357 1105 2459 1159 ad*

178 1175 369 1226 malum
400 1173 761 1242 propensio:
799 1172 1013 1224 Paulus
1044 1172 1111 1223 ad
1144 1172 1460 1224 secundum
1486 1172 1812 1224 remedium
1840 1172 2156 1240 descendit,
2192 1182 2257 1226 ut
2284 1182 2432 1227 tunc

181 1244 353 1295 saltem
390 1240 789 1310 reprimamus
823 1257 929 1292 nos
961 1242 1153 1295 subito
1173 1278 1189 1307 ,
1237 1257 1348 1293 nec
1380 1240 1637 1293 sinamus
1667 1240 1820 1293 iram
1848 1251 2112 1294 nostram
2142 1242 2432 1313 temporis

186 1314 333 1381 apatio
366 1311 782 1362 obdurescere.
854 1309 1006 1361 Illud
1036 1309 1273 1378 quidem
1301 1306 1556 1379 primum
1587 1318 1769 1373 esset,
1806 1310 2025 1373 Irasci,
2062 1319 2121 1361 et
2146 1327 2266 1363 non
2293 1316 2431 1380 pe'c·

191 1396 304 1457 ςιτε.
350 1379 455 1431 sed
487 1379 624 1449 quia
653 1378 717 1428 in
745 1386 908 1430 tanta
941 1389 1189 1430 naturae
1220 1377 1515 1430 humanae
1541 1376 1891 1429 infirmitate
1920 1377 2233 1459 plusquam
2266 1374 2431 1432 diffi-

167 1444 266 1511 .,ei1e
291 1458 408 1516 est,
456 1449 529 1499 sit
567 1447 684 1499 hoc
722 1446 1045 1499 secundum
1085 1446 1454 1517 remedium,
1513 1452 1633 1495 non
1674 1446 1882 1500 fovere
1914 1462 2066 1500 iram
2106 1447 2326 1501 diutius
2362 1448 2433 1502 in·

180 1516 361 1569 ‘animis
406 1515 668 1581 nostris,
704 1532 823 1569 ‘nec
868 1515 962 1566 illi
1002 1514 1139 1565 'dare
1177 1515 1441 1586 spatium
1480 1514 1801 1581 temporis,
1856 1532 1970 1584 quo
2001 1532 2063 1566 se
2089 1516 2429 1570 confirmet.

172 1582 291 1639 Ideo
331 1584 679 1654 prohibetf
705 1601 783 1636 ne
822 1583 908 1636 sol
949 1583 1184 1635 occidat
1223 1599 1403 1649 super
1444 1599 1610 1636 eam:
1662 1600 1777 1655 quo
1807 1584 2143 1652 significat,
2176 1586 2431 1640 dandam

168 1654 281 1713 'esse
304 1664 581 1770 opeiram,
624 1661 691 1706 ut
719 1660 858 1707 ante
886 1669 1157 1705 occasum
1186 1650 1335 1705 solis
1362 1651 1587 1722 placati
1614 1652 1820 1722 simus,
1853 1653 1906 1706 si
1931 1653 2095 1706 ‘forte
2122 1653 2288 1711 nohis
2314 1654 2434 1708 sta·
2503 1670 2508 1675 ‘

169 1721 245 1776 sci
277 1730 409 1775 cont
483 1723 568 1775 eri
581 1729 620 1776 t.
1801 1766 1804 1769 .
1923 1752 1932 1757 -

282 1792 366 1843 27.
441 1739 528 1842 ἐζΕἰ
561 1809 633 1842 ne
665 1790 811 1842 detis
848 1791 1050 1842 locum.
1151 1787 1285 1843 Scio
1307 1826 1324 1856 ,
1377 1788 1641 1859 qualiter
1674 1788 1968 1842 nonnulli*
1986 1801 2314 1860 exponant;
2366 1802 2430 1845 et

165 1859 451 1922 Erasmus,
470 1886 473 1894 =
492 1859 963 1911 calumniatoris
990 1875 1207 1912 nomen
1240 1876 1564 1928 usurpans,
1605 1859 1801 1925 palam
1833 1860 2088 1915 ostendit
2115 1877 2179 1914 se
2209 1860 2279 1914 de
2308 1878 2432 1913 ma-

163 1926 354 1981 levolis
398 1926 733 1997 hpminibus
771 1927 1129 1997 intelligere.
1211 1929 1340 1995 Ego
1373 1938 1575 1980 tamen
1606 1944 1724 1978 non
1751 1927 1962 1993 *dubito
1983 1964 2000 1995 ,
2047 1929 2187 2000 quin
2216 1929 2430 1986 Paulus

162 1996 489 2062 admoneat,
530 1997 869 2048 ‘cavendum
900 2013 1058 2065 esse,
1108 2012 1184 2047 ne
1210 1996 1384 2049 Satan
1404 2034 1424 2059 ,
1469 1994 1684 2051 animis
1713 1996 1929 2053 nostris
1952 2001 2261 2067 possessis,
2300 2008 2431 2051 tan·

162 2081 323 2137 quam
347 2067 535 2118 hostis
559 2075 847 2134 occupata
875 2081 1045 2131 arce,
1082 2082 1191 2132 pro
1220 2064 1471 2118 libidine
1501 2081 1604 2116 sua
1631 2082 1739 2117 nos
1763 2076 1922 2134 agat.
1992 2069 2139 2119 Nam
2166 2066 2428 2136 quotidie

163 2136 527 2205 experimur,
573 2150 748 2201 quam
777 2134 1126 2185 incurabilis
1152 2134 1230 2184 sit
1263 2134 1505 2185 m'orbus
1539 2132 1875 2186 diuturnum
1907 2135 2136 2191 odium:
2183 2144 2288 2191 aut
2319 2136 2432 2188 sal·-

161 2206 268 2256 tem
296 2220 470 2273 quam
498 2203 825 2255 difficulter
849 2212 1106 2256 sanetur.
1142 2203 1296 2255 unde
1320 2203 1439 2255 hoc
1458 2239 1475 2268 ,
1512 2200 1628 2253 nisi
1659 2202 1800 2272 quia
1829 2202 2061 2255 diabolo
2088 2204 2290 2258 cordis
2320 2220 2431 2257 no-

161 2271 257 2324 stri
301 2272 743 2342 possessionem
778 2272 1155 2335 tradidimus,
1206 2287 1387 2341 quum
1429 2270 1662 2324 obviam
1700 2272 1955 2324 eundum
1991 2270 2195 2326 foret?
2265 2274 2438 2343 Ergo'

160 2343 496 2410 priusquam
526 2340 901 2392 odii·veneuo
935 2355 1041 2391 cor
1065 2340 1397 2406 imbuatur,
1430 2346 1663 2399 mature
1693 2340 2046 2392 excutienda
2071 2350 2162 2395 est
2195 2337 2306 2394 ira.

268 2411 370 2474 28.
455 2408 572 2478 Qui
591 2408 933 2477 sut-abatur.
1015 2410 1145 2462 Nou
1208 2418 1442 2462 tantum
1496 2407 1565 2460 de
1623 2407 2017 2464 crassioribus
2065 2408 2241 2464 furtis
2286 2408 2428 2482 agit,

160 2481 299 2547 quae
339 2479 566 2546 legibus
606 2478 970 2548 puniuntur,
1025 2477 1130 2530 sed
1174 2477 1246 2529 de
1286 2474 1748 2543 occultioribus,
1799 2494 1947 2547 quae
1980 2478 2086 2531 sub
2113 2479 2429 2535 hominum

157 2545 435 2602 iudicium
468 2563 593 2600 non
630 2546 897 2614 cadunts
934 2555 1001 2599 ut
1038 2556 1381 2600 sunt=omne
1422 2563 1606 2618 genus
1646 2546 1923 2613 rapinae,
1951 2546 2189 2617 ¹quibus
2230 2547 2428 2602 aliena

160 2616 219 2666 ad
258 2634 371 2668 nos
410 2616 726 2669 trahimus.
797 2615 923 2667 Nec
959 2625 1196 2670 tantum
1241 2617 1445 2682 iubet,
1498 2626 1564 2667 ut
1592 2614 1984 2668 abstineamus
2010 2619 2083 2670 ab
2111 2616 2337 2669 iniusta
2367 2628 2430 2670 et

157 2682 360 2739 illicita
385 2686 683 2744 bonorum
708 2683 1040 2736 alienorum
1069 2685 1491 2754 usurpatione:
1541 2684 1639 2735 sed
1667 2683 1848 2737 etiam
1877 2693 1945 2738 ut
1970 2683 2261 2738 fratribus
2290 2686 2428 2739 sub·

159 2755 477 2819 veniamus,
514 2762 801 2824 quantum
828 2751 893 2804 in
923 2753 1091 2806 nobis
1119 2762 1226 2805 est.
1299 2756 1392 2807 Tu
1418 2752 1518 2824 qui
1545 2750 1739 2805 aliena
1766 2753 2065 2822 rapiebas,
2097 2770 2217 2808 non
2245 2754 2425 2812 modo

157 2823 248 2877 tibi
283 2823 565 2893 acquiras
603 2823 829 2874 victum
874 2820 1029 2874 iusto
1069 2832 1127 2874 et
1166 2822 1403 2874 innoxio
1446 2821 1697 2887 sudores,
1740 2822 1837 2873 sed
1866 2823 2043 2875 etiam
2072 2821 2221 2875 aliis.
2294 2822 2426 2876 Pri-

158 2907 307 2945 mum
337 2892 547 2960 regula
575 2891 726 2944 haec
754 2891 925 2943 nobis
959 2892 1390 2960 praescribitur
1410 2927 1428 2956 ,
1477 2888 1685 2958 nequis
1716 2890 1974 2943 fratrum
2000 2891 2229 2944 iactura
2265 2908 2427 2945 com·-

155 2962 387 3013 modum
430 2977 600 3013 suum
645 2969 961 3028 procuret,
1011 2961 1112 3011 sed
1155 2960 1407 3011 honesto
1453 2958 1661 3011 labore
1701 2957 1884 3010 vitam
1927 2959 2170 3013 toleret.
2223 2959 2436 3012 deinde'
2525 2965 2532 2970 ’

159 3031 358 3082 caritas
392 3029 641 3081 ulterius
669 3045 774 3079 nos
800 3028 1063 3094 adducit,
1103 3037 1169 3083 ut
1197 3046 1316 3080 nnn
1351 3028 1464 3080 sibi
1494 3026 1746 3106 quisque
1771 3043 2039 3081 seorsum
2069 3026 2253 3095 vivat,
2291 3026 2428 3080 aliis

158 3098 534 3167 praeteritis,
593 3096 707 3160 secl¹
735 3095 843 3149 alii
885 3097 1141 3148 aliorum
1183 3097 1633 3149 necessitatibus
1673 3095 2048 3148 sublevandis
2090 3114 2154 3148 se
2194 3094 2425 3166 impen-

158 3168 301 3220 dant.
380 3166 504 3220 Sed
532 3166 866 3235 quaeritur,
918 3183 995 3218 an
1020 3167 1231 3219 Paulus
1263 3166 1673 3217 necessitatem
1702 3165 1984 3218 omnibus*
2006 3164 2279 3233 imponat
2304 3183 2426 3220 ma·

156 3236 317 3290 nibus
351 3233 685 3287 laborandi.
732 3234 912 3287 nimis
943 3235 1104 3287 enim
1134 3236 1249 3287 hoc
1277 3235 1490 3287 durum
1518 3242 1692 3286 esset.
1781 3233 2160 3303 Respondeo‚
2195 3233 2427 3302 simpli·

160 3319 274 3357 cem
303 3322 433 3358 esse
466 3319 701 3356 sensum
729 3303 1074 3369 verborum,
1111 3302 1294 3373 siquis
1319 3303 1440 3354 rite
1470 3302 1781 3369 expendat.
1833 3318 1969 3356 nam
2004 3303 2106 3355 ubi
2143 3302 2427 3357 fraudare

159 3373 503 3443 quemquam
535 3372 880 3439 prohibuit,
929 3372 1070 3442 quia
1100 3372 1275 3426 multi
1305 3382 1624 3425 causantur
1648 3371 1945 3439 inopiam:
1998 3371 2285 3425 eiusmodi
2319 3371 2427 3424 oh·
2491 3375 2495 3382 ”

156 3443 468 3496 iectianem
513 3450 578 3493 ut
619 3443 994 3509 praeveniat,
1046 3443 1246 3509 potius
1279 3441 1669 3495 laborandum
1715 3442 1840 3493 esse
1876 3439 2177 3507 manibus,
2225 3441 2422 3493 docet.

159 3526 217 3562 ac
242 3513 288 3568 si
315 3513 586 3564 diceret:
636 3509 772 3563 Tibi
800 3510 963 3562 nulla
987 3511 1318 3563 recusanda
1347 3520 1435 3562 est
1462 3508 1754 3575 conditio,
1790 3509 2162 3580 quantumvis
2190 3509 2335 3563 dura
2365 3517 2426 3560 et

157 3583 433 3646 molesta,
487 3595 605 3650 quo
651 3579 870 3631 nemini
913 3580 985 3630 sis
1022 3580 1311 3631 iniurius:
1360 3595 1553 3647 neque
1579 3577 1639 3627 id
1668 3580 1881 3644 modo,
1926 3577 2023 3629 sed
2054 3587 2120 3630 ut
2145 3593 2423 3630 occurras
2489 3599 2496 3602 ·

156 3647 786 3714 frati-umnecessitati.
847 3647 979 3699 Hoc
1010 3658 1205 3701 autem
1237 3646 1532 3716 posterius
1560 3648 1893 3698 membrum
1918 3651 2039 3698 non
2066 3662 2272 3715 parum
2301 3651 2422 3702 am-

78 3751 81 3756 >
158 3716 403 3785 plificat:
443 3734 582 3770 nam
611 3725 1025 3785 argumentum
1057 3716 1379 3776 contincta
1407 3714 1622 3767 maiori
1655 3715 1725 3767 ad
1753 3717 1966 3774 minus.
2118 3714 2290 3787 Quod
2325 3717 2422 3767 bo·

160 3799 278 3836 mtm
314 3796 421 3840 ese.
507 3788 804 3858 Quoniam
851 3785 1040 3838 multa
1083 3795 1220 3837 sunt
1264 3784 1544 3852 opificia,
1599 3800 1749 3857 quae
1789 3781 2194 3853 voluptatibus
2238 3782 2423 3838 etiam

199 3857 562 3907 arum·castis
587 3854 889 3921 serviunt,
928 3854 1342 3907 commendare
1371 3852 1549 3912 etiam
1580 3851 1699 3904 hoc
1725 3851 1944 3918 vuluit,
1976 3862 2042 3904 ut
2067 3852 2302 3914 labores
2324 3853 2423 3903 de·
2461 3851 2474 3860 κ
2533 3847 2544 3856 '

160 3868 434 3990 ligamus,
472 3925 576 4004 qui
607 3923 932 3976 utilitatem
958 3922 1244 3993 proximis
1270 3921 1490 3975 nostris
1521 3921 1788 3973 afferant.
1834 3920 2191 3978 necsmirum
2215 3938 2232 3972 τ
2283 3935 2422 3972 nam

162 4005 206 4040 ει
233 3991 513 4045 eiusmodi
546 3991 952 4063 voluptuarias
981 4002 1173 4057 artes,
1221 4008 1369 4060 quae
1398 3990 1553 4042 nihil
1581 4003 1754 4059 quam
1785 3989 2146 4059 corruptelas
2171 3987 2421 4058 gignere

164 4071 400 4130 queunt,
439 4061 683 4115 Eth'nici
713 4078 947 4131 quoque
974 4059 1085 4128 ipsi
1112 4059 1444 4128 ignominia
1472 4059 1755 4111 notandas
1784 4059 2115 4124 duxerunt,
2162 4067 2227 4107 ut
2251 4056 2423 4107 Cice-

161 4141 247 4182 ro:
277 4145 350 4183 an
377 4147 477 4184 eas
496 4129 719 4184 Christi
747 4130 1068 4201 Apostolus
1091 4127 1253 4182 inter
1276 4128 1574 4198 legitimas
1596 4126 1707 4182 Dei
1734 4131 2079 4181 vocationes
2106 4120 2420 4178 censeret?

314 4302 416 4362 29.
474 4299 724 4366 Gmuis
762 4317 990 4365 sermo
1029 4316 1439 4384 spurcusex
1480 4316 1600 4363 ore
1636 4308 1868 4374 vestro
1892 4315 2029 4360 non
2062 4292 2420 4384 procedat:
2509 4291 2518 4302 “

167 4377 272 4445 sed
305 4387 511 4470 siquis
558 4398 665 4452 est
704 4378 1046 4465 bonusne
1068 4384 1616 4466 aedificationem
1645 4397 1808 4448 usus
1826 4428 1854 4461 ,.
1890 4394 1966 4445 ut
1994 4380 2110 4446 det
2137 4381 2419 4467 gratiam
2473 4397 2488 4402 ’

600 4565 621 4600 N

1993 4621 2052 4686 l
