<?xml version="1.0" encoding="UTF-8"?>
<!DOCTYPE html PUBLIC "-//W3C//DTD XHTML 1.0 Transitional//EN"
    "http://www.w3.org/TR/xhtml1/DTD/xhtml1-transitional.dtd">
<html xmlns="http://www.w3.org/1999/xhtml" xml:lang="en" lang="en">
 <head>
  <title>
</title>
<meta http-equiv="Content-Type" content="text/html;charset=utf-8" />
  <meta name='ocr-system' content='tesseract 3.04.00' />
  <meta name='ocr-capabilities' content='ocr_page ocr_carea ocr_par ocr_line ocrx_word'/>
</head>
<body>
  <div class='ocr_page' id='page_1' title='image "./johanniscalvini00calvgoog_0350.png"; bbox 0 0 2820 4895; ppageno 0'>
   <div class='ocr_carea' id='block_1_1' title="bbox 321 211 2089 349">
    <p class='ocr_par' dir='ltr' id='par_1_1' title="bbox 321 211 2089 349">
     <span class='ocr_line' id='line_1_1' title="bbox 321 211 2089 349; baseline -0.008 -33"><span class='ocrx_word' id='word_1_1' title='bbox 321 218 471 327; x_wconf 60' lang='grc' dir='ltr'><strong>’δερ</strong></span> <span class='ocrx_word' id='word_1_2' title='bbox 564 234 574 253; x_wconf 85' lang='grc'><strong>·’</strong></span> <span class='ocrx_word' id='word_1_3' title='bbox 889 242 999 310; x_wconf 78' lang='grc' dir='ltr'><strong>ιΝ</strong></span> <span class='ocrx_word' id='word_1_4' title='bbox 1043 211 1683 349; x_wconf 39' lang='grc' dir='ltr'><strong>μΕιηενὶ-οιωῐ</strong></span> <span class='ocrx_word' id='word_1_5' title='bbox 1753 220 2089 309; x_wconf 68' lang='lat' dir='ltr'><strong>naum</strong></span> 
     </span>
    </p>
   </div>
   <div class='ocr_carea' id='block_1_2' title="bbox 340 404 2660 1439">
    <p class='ocr_par' dir='ltr' id='par_1_2' title="bbox 340 404 2660 1439">
     <span class='ocr_line' id='line_1_2' title="bbox 341 404 2656 483; baseline -0.004 -12"><span class='ocrx_word' id='word_1_6' title='bbox 341 414 725 483; x_wconf 82' lang='lat' dir='ltr'><strong>telligerent,</strong></span> <span class='ocrx_word' id='word_1_7' title='bbox 779 429 842 465; x_wconf 86' lang='lat' dir='ltr'><strong>se</strong></span> <span class='ocrx_word' id='word_1_8' title='bbox 884 404 1012 465; x_wconf 70' lang='lat' dir='ltr'><strong>t&#39;ota</strong></span> <span class='ocrx_word' id='word_1_9' title='bbox 1051 411 1176 467; x_wconf 74' lang='lat' dir='ltr'><strong>vita</strong></span> <span class='ocrx_word' id='word_1_10' title='bbox 1213 408 1658 469; x_wconf 62' lang='lat' dir='ltr'><strong>miserafuim</strong></span> <span class='ocrx_word' id='word_1_11' title='bbox 1687 408 2004 478; x_wconf 80' lang='lat' dir='ltr'><strong>deceptos,</strong></span> <span class='ocrx_word' id='word_1_12' title='bbox 2042 405 2273 461; x_wconf 74' lang='lat' dir='ltr'><strong>facilius</strong></span> <span class='ocrx_word' id='word_1_13' title='bbox 2298 406 2527 477; x_wconf 85' lang='lat' dir='ltr'><strong>prioris</strong></span> <span class='ocrx_word' id='word_1_14' title='bbox 2561 409 2656 461; x_wconf 83' lang='lat' dir='ltr'><strong>vi-</strong></span> 
     </span>
     <span class='ocr_line' id='line_1_3' title="bbox 340 476 2654 553; baseline -0.003 -17"><span class='ocrx_word' id='word_1_15' title='bbox 340 483 747 536; x_wconf 73' lang='lat' dir='ltr'><strong>tae=instituto</strong></span> <span class='ocrx_word' id='word_1_16' title='bbox 774 480 1232 540; x_wconf 84' lang='lat' dir='ltr'><strong>renuntiabant;</strong></span> <span class='ocrx_word' id='word_1_17' title='bbox 1267 480 1481 535; x_wconf 75' lang='lat' dir='ltr'><strong>‘Iudaei</strong></span> <span class='ocrx_word' id='word_1_18' title='bbox 1508 489 1730 545; x_wconf 83' lang='lat' dir='ltr'><strong>autem,</strong></span> <span class='ocrx_word' id='word_1_19' title='bbox 1767 476 2050 547; x_wconf 72' lang='lat' dir='ltr'><strong>quoniam</strong></span> <span class='ocrx_word' id='word_1_20' title='bbox 2075 477 2139 527; x_wconf 90' lang='lat' dir='ltr'><strong>in</strong></span> <span class='ocrx_word' id='word_1_21' title='bbox 2164 493 2305 528; x_wconf 74' lang='lat' dir='ltr'><strong>vera</strong></span> <span class='ocrx_word' id='word_1_22' title='bbox 2332 476 2654 553; x_wconf 75' lang='lat' dir='ltr'><strong>religione</strong></span> 
     </span>
     <span class='ocr_line' id='line_1_4' title="bbox 341 546 2652 617; baseline -0.003 -12"><span class='ocrx_word' id='word_1_23' title='bbox 341 553 587 605; x_wconf 82' lang='lat' dir='ltr'><strong>fuerant</strong></span> <span class='ocrx_word' id='word_1_24' title='bbox 615 550 888 616; x_wconf 83' lang='lat' dir='ltr'><strong>educati,</strong></span> <span class='ocrx_word' id='word_1_25' title='bbox 923 550 1108 614; x_wconf 86' lang='lat' dir='ltr'><strong>ritus,</strong></span> <span class='ocrx_word' id='word_1_26' title='bbox 1143 548 1360 617; x_wconf 85' lang='lat' dir='ltr'><strong>quibus</strong></span> <span class='ocrx_word' id='word_1_27' title='bbox 1394 557 1804 612; x_wconf 75' lang='lat' dir='ltr'><strong>assueverant,</strong></span> <span class='ocrx_word' id='word_1_28' title='bbox 1850 546 2244 616; x_wconf 63' lang='lat' dir='ltr'><strong>pertinaciter</strong></span> <span class='ocrx_word' id='word_1_29' title='bbox 2281 546 2652 611; x_wconf 83' lang='lat' dir='ltr'><strong>tuebantur,</strong></span> 
     </span>
     <span class='ocr_line' id='line_1_5' title="bbox 342 613 2658 689; baseline -0.003 -16"><span class='ocrx_word' id='word_1_30' title='bbox 342 620 527 689; x_wconf 80' lang='lat' dir='ltr'><strong>Legis</strong></span> <span class='ocrx_word' id='word_1_31' title='bbox 554 618 867 686; x_wconf 82' lang='lat' dir='ltr'><strong>abrogatio</strong></span> <span class='ocrx_word' id='word_1_32' title='bbox 895 618 1237 686; x_wconf 67' lang='lat' dir='ltr'><strong>persuaderi</strong></span> <span class='ocrx_word' id='word_1_33' title='bbox 1265 617 1392 670; x_wconf 86' lang='lat' dir='ltr'><strong>illis</strong></span> <span class='ocrx_word' id='word_1_34' title='bbox 1416 634 1538 671; x_wconf 89' lang='lat' dir='ltr'><strong>non</strong></span> <span class='ocrx_word' id='word_1_35' title='bbox 1575 625 1834 685; x_wconf 75' lang='lat' dir='ltr'><strong>poterat.</strong></span> <span class='ocrx_word' id='word_1_36' title='bbox 1918 615 2051 670; x_wconf 83' lang='lat' dir='ltr'><strong>Hoc</strong></span> <span class='ocrx_word' id='word_1_37' title='bbox 2095 613 2270 665; x_wconf 88' lang='lat' dir='ltr'><strong>modo</strong></span> <span class='ocrx_word' id='word_1_38' title='bbox 2307 616 2658 668; x_wconf 73' lang='lat' dir='ltr'><strong>turbabant</strong></span> 
     </span>
     <span class='ocr_line' id='line_1_6' title="bbox 346 681 2660 756; baseline -0.002 -16"><span class='ocrx_word' id='word_1_39' title='bbox 346 705 558 745; x_wconf 83' lang='lat' dir='ltr'><strong>omnes</strong></span> <span class='ocrx_word' id='word_1_40' title='bbox 575 689 891 752; x_wconf 81' lang='lat' dir='ltr'><strong>Ecclesias,</strong></span> <span class='ocrx_word' id='word_1_41' title='bbox 909 685 1088 756; x_wconf 70' lang='lat' dir='ltr'><strong>quia,</strong></span> <span class='ocrx_word' id='word_1_42' title='bbox 1124 686 1478 755; x_wconf 75' lang='lat' dir='ltr'><strong>simulatque</strong></span> <span class='ocrx_word' id='word_1_43' title='bbox 1504 700 1819 753; x_wconf 75' lang='lat' dir='ltr'>emergere</span> <span class='ocrx_word' id='word_1_44' title='bbox 1848 681 2067 737; x_wconf 85' lang='lat' dir='ltr'><strong>alicubi</strong></span> <span class='ocrx_word' id='word_1_45' title='bbox 2082 682 2475 751; x_wconf 81' lang='lat' dir='ltr'><strong>Evangelium</strong></span> <span class='ocrx_word' id='word_1_46' title='bbox 2507 700 2660 736; x_wconf 82' lang='lat' dir='ltr'><strong>coe-</strong></span> 
     </span>
     <span class='ocr_line' id='line_1_7' title="bbox 343 752 2658 829; baseline -0.004 -17"><span class='ocrx_word' id='word_1_47' title='bbox 343 767 548 829; x_wconf 77' lang='lat' dir='ltr'><strong>perat,</strong></span> <span class='ocrx_word' id='word_1_48' title='bbox 599 757 723 810; x_wconf 83' lang='lat' dir='ltr'><strong>eius</strong></span> <span class='ocrx_word' id='word_1_49' title='bbox 763 756 1166 808; x_wconf 76' lang='lat' dir='ltr'><strong>sinceritatem</strong></span> <span class='ocrx_word' id='word_1_50' title='bbox 1203 755 1461 808; x_wconf 68' lang='lat' dir='ltr'><strong>admisto</strong></span> <span class='ocrx_word' id='word_1_51' title='bbox 1503 771 1607 807; x_wconf 80' lang='lat' dir='ltr'><strong>suo</strong></span> <span class='ocrx_word' id='word_1_52' title='bbox 1642 754 1944 806; x_wconf 85' lang='lat' dir='ltr'><strong>fermento</strong></span> <span class='ocrx_word' id='word_1_53' title='bbox 1975 767 2363 820; x_wconf 83' lang='lat' dir='ltr'><strong>corrumpere</strong></span> <span class='ocrx_word' id='word_1_54' title='bbox 2386 769 2515 809; x_wconf 86' lang='lat' dir='ltr'><strong>non</strong></span> <span class='ocrx_word' id='word_1_55' title='bbox 2541 752 2658 803; x_wconf 55' lang='lat' dir='ltr'><strong>dea</strong></span> 
     </span>
     <span class='ocr_line' id='line_1_8' title="bbox 345 820 2660 894; baseline -0.003 -14"><span class='ocrx_word' id='word_1_56' title='bbox 345 826 642 880; x_wconf 84' lang='lat' dir='ltr'><strong>sinebant.</strong></span> <span class='ocrx_word' id='word_1_57' title='bbox 715 826 912 894; x_wconf 87' lang='lat' dir='ltr'><strong>Quare</strong></span> <span class='ocrx_word' id='word_1_58' title='bbox 937 822 1156 877; x_wconf 76' lang='lat' dir='ltr'><strong>Paulus</strong></span> <span class='ocrx_word' id='word_1_59' title='bbox 1179 839 1304 874; x_wconf 89' lang='lat' dir='ltr'><strong>non</strong></span> <span class='ocrx_word' id='word_1_60' title='bbox 1330 823 1638 890; x_wconf 73' lang='lat' dir='ltr'><strong>ingenere</strong></span> <span class='ocrx_word' id='word_1_61' title='bbox 1661 824 1837 875; x_wconf 85' lang='lat' dir='ltr'><strong>modo</strong></span> <span class='ocrx_word' id='word_1_62' title='bbox 1864 820 2168 889; x_wconf 79' lang='lat' dir='ltr'><strong>prohibet,</strong></span> <span class='ocrx_word' id='word_1_63' title='bbox 2207 836 2283 872; x_wconf 88' lang='lat' dir='ltr'><strong>ne</strong></span> <span class='ocrx_word' id='word_1_64' title='bbox 2309 837 2345 871; x_wconf 88' lang='lat' dir='ltr'><strong>a</strong></span> <span class='ocrx_word' id='word_1_65' title='bbox 2369 837 2519 872; x_wconf 82' lang='lat' dir='ltr'><strong>sana</strong></span> <span class='ocrx_word' id='word_1_66' title='bbox 2545 822 2660 872; x_wconf 76' lang='lat' dir='ltr'><strong>dc—</strong></span> 
     </span>
     <span class='ocr_line' id='line_1_9' title="bbox 345 892 2659 962; baseline -0.004 -12"><span class='ocrx_word' id='word_1_67' title='bbox 345 892 939 962; x_wconf 73' lang='lat' dir='ltr'><strong>ct&#39;rina-degenerent</strong></span> <span class='ocrx_word' id='word_1_68' title='bbox 956 930 970 952; x_wconf 89' lang='lat'><strong>,</strong></span> <span class='ocrx_word' id='word_1_69' title='bbox 1009 892 1110 949; x_wconf 78' lang='lat' dir='ltr'><strong>sed</strong></span> <span class='ocrx_word' id='word_1_70' title='bbox 1137 907 1421 961; x_wconf 77' lang='lat' dir='ltr'><strong>praesens</strong></span> <span class='ocrx_word' id='word_1_71' title='bbox 1442 892 1695 960; x_wconf 75' lang='lat' dir='ltr'><strong>malum,</strong></span> <span class='ocrx_word' id='word_1_72' title='bbox 1732 892 1832 946; x_wconf 86' lang='lat' dir='ltr'><strong>cui</strong></span> <span class='ocrx_word' id='word_1_73' title='bbox 1856 905 2183 943; x_wconf 85' lang='lat' dir='ltr'><strong>occurrere</strong></span> <span class='ocrx_word' id='word_1_74' title='bbox 2211 897 2659 957; x_wconf 77' lang='lat' dir='ltr'><strong>necesseerat,</strong></span> 
     </span>
     <span class='ocr_line' id='line_1_10' title="bbox 346 959 2543 1034; baseline -0.005 -17"><span class='ocrx_word' id='word_1_75' title='bbox 346 963 517 1034; x_wconf 68' lang='lat' dir='ltr'><strong>quasi</strong></span> <span class='ocrx_word' id='word_1_76' title='bbox 545 959 1068 1031; x_wconf 79' lang='lat' dir='ltr'><strong>digito-ostendit,</strong></span> <span class='ocrx_word' id='word_1_77' title='bbox 1107 970 1176 1013; x_wconf 88' lang='lat' dir='ltr'><strong>ut</strong></span> <span class='ocrx_word' id='word_1_78' title='bbox 1202 971 1467 1017; x_wconf 81' lang='lat' dir='ltr'><strong>caveant.</strong></span> <span class='ocrx_word' id='word_1_79' title='bbox 2540 1002 2543 1007; x_wconf 30' lang='lat' dir='ltr'><strong><em>s</em></strong></span> 
     </span>
     <span class='ocr_line' id='line_1_11' title="bbox 485 1025 2655 1097; baseline -0.002 -15"><span class='ocrx_word' id='word_1_80' title='bbox 485 1031 569 1082; x_wconf 84' lang='lat'><strong>15.</strong></span> <span class='ocrx_word' id='word_1_81' title='bbox 603 1072 607 1077; x_wconf 89' lang='lat'>.</span> <span class='ocrx_word' id='word_1_82' title='bbox 648 1030 861 1083; x_wconf 81' lang='lat' dir='ltr'><strong>Omnia</strong></span> <span class='ocrx_word' id='word_1_83' title='bbox 901 1031 1130 1096; x_wconf 80' lang='lat' dir='ltr'><strong>quidem</strong></span> <span class='ocrx_word' id='word_1_84' title='bbox 1166 1046 1330 1097; x_wconf 84' lang='lat' dir='ltr'><strong>pura.</strong></span> <span class='ocrx_word' id='word_1_85' title='bbox 1397 1028 1676 1097; x_wconf 78' lang='lat' dir='ltr'><strong>Speciem</strong></span> <span class='ocrx_word' id='word_1_86' title='bbox 1705 1045 1885 1081; x_wconf 85' lang='lat' dir='ltr'><strong>unam</strong></span> <span class='ocrx_word' id='word_1_87' title='bbox 1913 1043 1987 1079; x_wconf 83' lang='lat' dir='ltr'><strong>ex</strong></span> <span class='ocrx_word' id='word_1_88' title='bbox 2016 1025 2299 1079; x_wconf 76' lang='lat' dir='ltr'><strong>fabulosis</strong></span> <span class='ocrx_word' id='word_1_89' title='bbox 2335 1026 2655 1094; x_wconf 73' lang='lat' dir='ltr'><strong>dogmati-</strong></span> 
     </span>
     <span class='ocr_line' id='line_1_12' title="bbox 344 1096 2657 1169; baseline -0.002 -15"><span class='ocrx_word' id='word_1_90' title='bbox 344 1100 453 1154; x_wconf 77' lang='lat' dir='ltr'><strong>bus</strong></span> <span class='ocrx_word' id='word_1_91' title='bbox 489 1098 754 1169; x_wconf 80' lang='lat' dir='ltr'><strong>attingit.</strong></span> <span class='ocrx_word' id='word_1_92' title='bbox 839 1099 1130 1151; x_wconf 77' lang='lat' dir='ltr'>Cibotum</span> <span class='ocrx_word' id='word_1_93' title='bbox 1173 1098 1347 1149; x_wconf 83' lang='lat' dir='ltr'><strong>enim·</strong></span> <span class='ocrx_word' id='word_1_94' title='bbox 1370 1099 1705 1164; x_wconf 84' lang='lat' dir='ltr'><strong>delectum,</strong></span> <span class='ocrx_word' id='word_1_95' title='bbox 1762 1096 1956 1166; x_wconf 80' lang='lat' dir='ltr'><strong>qualis</strong></span> <span class='ocrx_word' id='word_1_96' title='bbox 1988 1113 2031 1148; x_wconf 84' lang='lat' dir='ltr'><strong>-a</strong></span> <span class='ocrx_word' id='word_1_97' title='bbox 2072 1098 2244 1159; x_wconf 72' lang='lat' dir='ltr'><strong>Mose</strong></span> <span class='ocrx_word' id='word_1_98' title='bbox 2284 1096 2360 1149; x_wconf 85' lang='lat' dir='ltr'><strong>ad</strong></span> <span class='ocrx_word' id='word_1_99' title='bbox 2399 1105 2657 1162; x_wconf 76' lang='lat' dir='ltr'><strong>tempus</strong></span> 
     </span>
     <span class='ocr_line' id='line_1_13' title="bbox 390 1165 2657 1235; baseline -0.003 -14"><span class='ocrx_word' id='word_1_100' title='bbox 390 1167 749 1235; x_wconf 72' lang='lat' dir='ltr'><strong>raascriptus</strong></span> <span class='ocrx_word' id='word_1_101' title='bbox 792 1177 954 1234; x_wconf 79' lang='lat' dir='ltr'><strong>erat,</strong></span> <span class='ocrx_word' id='word_1_102' title='bbox 1006 1166 1177 1235; x_wconf 84' lang='lat' dir='ltr'><strong>quasi</strong></span> <span class='ocrx_word' id='word_1_103' title='bbox 1221 1168 1412 1219; x_wconf 84' lang='lat' dir='ltr'><strong>adhuc</strong></span> <span class='ocrx_word' id='word_1_104' title='bbox 1454 1166 1857 1220; x_wconf 80' lang='lat' dir='ltr'><strong>necessarium</strong></span> <span class='ocrx_word' id='word_1_105' title='bbox 1898 1165 2232 1231; x_wconf 76' lang='lat' dir='ltr'><strong>urgebant,</strong></span> <span class='ocrx_word' id='word_1_106' title='bbox 2280 1165 2404 1217; x_wconf 83' lang='lat' dir='ltr'><strong>imo</strong></span> <span class='ocrx_word' id='word_1_107' title='bbox 2444 1174 2657 1217; x_wconf 82' lang='lat' dir='ltr'><strong>totam</strong></span> 
     </span>
     <span class='ocr_line' id='line_1_14' title="bbox 346 1186 2655 1301; baseline -0.001 -13"><span class='ocrx_word' id='word_1_108' title='bbox 346 1186 480 1288; x_wconf 51' lang='lat' dir='ltr'><strong>{ere</strong></span> <span class='ocrx_word' id='word_1_109' title='bbox 518 1235 900 1295; x_wconf 69' lang='lat' dir='ltr'><strong>sanctitatem</strong></span> <span class='ocrx_word' id='word_1_110' title='bbox 942 1235 1323 1293; x_wconf 81' lang='lat' dir='ltr'><strong>collocabant</strong></span> <span class='ocrx_word' id='word_1_111' title='bbox 1357 1236 1423 1291; x_wconf 86' lang='lat' dir='ltr'><strong>in</strong></span> <span class='ocrx_word' id='word_1_112' title='bbox 1457 1235 1579 1288; x_wconf 80' lang='lat' dir='ltr'><strong>hac</strong></span> <span class='ocrx_word' id='word_1_113' title='bbox 1620 1233 2161 1291; x_wconf 72' lang='lat' dir='ltr'><strong>observatiuncula.</strong></span> <span class='ocrx_word' id='word_1_114' title='bbox 2257 1233 2451 1301; x_wconf 88' lang='lat' dir='ltr'><strong>Quam</strong></span> <span class='ocrx_word' id='word_1_115' title='bbox 2492 1247 2655 1285; x_wconf 82' lang='lat' dir='ltr'><strong>vero</strong></span> 
     </span>
     <span class='ocr_line' id='line_1_15' title="bbox 352 1300 2656 1375; baseline -0.003 -16"><span class='ocrx_word' id='word_1_116' title='bbox 352 1305 754 1375; x_wconf 79' lang='lat' dir='ltr'><strong>perniciosum</strong></span> <span class='ocrx_word' id='word_1_117' title='bbox 794 1307 913 1356; x_wconf 85' lang='lat' dir='ltr'><strong>hoc</strong></span> <span class='ocrx_word' id='word_1_118' title='bbox 956 1314 1106 1356; x_wconf 85' lang='lat' dir='ltr'><strong>esset</strong></span> <span class='ocrx_word' id='word_1_119' title='bbox 1145 1303 1478 1369; x_wconf 75' lang='lat' dir='ltr'><strong>Ecclesiae,</strong></span> <span class='ocrx_word' id='word_1_120' title='bbox 1539 1304 1677 1355; x_wconf 87' lang='lat' dir='ltr'><strong>alibi</strong></span> <span class='ocrx_word' id='word_1_121' title='bbox 1716 1305 1983 1355; x_wconf 79' lang='lat' dir='ltr'><strong>diximus.</strong></span> <span class='ocrx_word' id='word_1_122' title='bbox 2080 1300 2346 1355; x_wconf 84' lang='lat' dir='ltr'><strong>Primum</strong></span> <span class='ocrx_word' id='word_1_123' title='bbox 2391 1302 2656 1369; x_wconf 79' lang='lat' dir='ltr'><strong>laqueus</strong></span> 
     </span>
     <span class='ocr_line' id='line_1_16' title="bbox 355 1369 2657 1439; baseline -0.003 -13"><span class='ocrx_word' id='word_1_124' title='bbox 355 1374 660 1426; x_wconf 74' lang='lat' dir='ltr'><strong>servitutis</strong></span> <span class='ocrx_word' id='word_1_125' title='bbox 707 1373 1095 1425; x_wconf 77' lang='lat' dir='ltr'><strong>conscientiis</strong></span> <span class='ocrx_word' id='word_1_126' title='bbox 1147 1371 1572 1435; x_wconf 82' lang='lat' dir='ltr'><strong>iniiciebatur3</strong></span> <span class='ocrx_word' id='word_1_127' title='bbox 1625 1372 1836 1423; x_wconf 87' lang='lat' dir='ltr'><strong>deinde</strong></span> <span class='ocrx_word' id='word_1_128' title='bbox 1877 1369 2150 1439; x_wconf 82' lang='lat' dir='ltr'><strong>imperiti</strong></span> <span class='ocrx_word' id='word_1_129' title='bbox 2190 1369 2304 1421; x_wconf 86' lang='lat' dir='ltr'><strong>hac</strong></span> <span class='ocrx_word' id='word_1_130' title='bbox 2347 1371 2657 1437; x_wconf 84' lang='lat' dir='ltr'><strong>supersti-</strong></span> 
     </span>
    </p>
   </div>
   <div class='ocr_carea' id='block_1_3' title="bbox 269 1438 2653 1508">
    <p class='ocr_par' dir='ltr' id='par_1_3' title="bbox 269 1438 2653 1508">
     <span class='ocr_line' id='line_1_17' title="bbox 269 1438 2653 1508; baseline -0.002 -13"><span class='ocrx_word' id='word_1_131' title='bbox 269 1477 274 1484; x_wconf 89' lang='lat'><em>·</em></span> <span class='ocrx_word' id='word_1_132' title='bbox 358 1445 518 1495; x_wconf 87' lang='lat' dir='ltr'><strong>tione</strong></span> <span class='ocrx_word' id='word_1_133' title='bbox 547 1442 784 1508; x_wconf 35' lang='lat' dir='ltr'><strong>,illigati</strong></span> <span class='ocrx_word' id='word_1_134' title='bbox 829 1444 1024 1499; x_wconf 87' lang='lat' dir='ltr'><strong>velum</strong></span> <span class='ocrx_word' id='word_1_135' title='bbox 1065 1441 1366 1493; x_wconf 84' lang='lat' dir='ltr'><strong>habebant</strong></span> <span class='ocrx_word' id='word_1_136' title='bbox 1402 1441 1591 1493; x_wconf 88' lang='lat' dir='ltr'><strong>oculis</strong></span> <span class='ocrx_word' id='word_1_137' title='bbox 1634 1440 1991 1505; x_wconf 78' lang='lat' dir='ltr'><strong>obductum,</strong></span> <span class='ocrx_word' id='word_1_138' title='bbox 2038 1454 2115 1493; x_wconf 83' lang='lat' dir='ltr'><strong>ne</strong></span> <span class='ocrx_word' id='word_1_139' title='bbox 2140 1438 2205 1491; x_wconf 82' lang='lat' dir='ltr'><strong>in</strong></span> <span class='ocrx_word' id='word_1_140' title='bbox 2236 1453 2385 1506; x_wconf 75' lang='lat' dir='ltr'><strong>pura</strong></span> <span class='ocrx_word' id='word_1_141' title='bbox 2412 1439 2653 1490; x_wconf 85' lang='lat' dir='ltr'><strong>Christi</strong></span> 
     </span>
    </p>
   </div>
   <div class='ocr_carea' id='block_1_4' title="bbox 293 1508 2697 4494">
    <p class='ocr_par' dir='ltr' id='par_1_4' title="bbox 293 1508 2697 4494">
     <span class='ocr_line' id='line_1_18' title="bbox 353 1508 2655 1578; baseline 0 -16"><span class='ocrx_word' id='word_1_142' title='bbox 353 1511 574 1567; x_wconf 81' lang='lat' dir='ltr'><strong>notitia</strong></span> <span class='ocrx_word' id='word_1_143' title='bbox 613 1511 994 1578; x_wconf 80' lang='lat' dir='ltr'><strong>proficerent.</strong></span> <span class='ocrx_word' id='word_1_144' title='bbox 1083 1510 1144 1562; x_wconf 90' lang='lat' dir='ltr'><strong>Si</strong></span> <span class='ocrx_word' id='word_1_145' title='bbox 1173 1509 1301 1577; x_wconf 82' lang='lat' dir='ltr'><strong>quis</strong></span> <span class='ocrx_word' id='word_1_146' title='bbox 1330 1527 1401 1562; x_wconf 83' lang='lat' dir='ltr'><strong>ex</strong></span> <span class='ocrx_word' id='word_1_147' title='bbox 1432 1510 1724 1565; x_wconf 77' lang='lat' dir='ltr'><strong>Gentibus</strong></span> <span class='ocrx_word' id='word_1_148' title='bbox 1752 1510 1867 1561; x_wconf 78' lang='lat' dir='ltr'><strong>hoc</strong></span> <span class='ocrx_word' id='word_1_149' title='bbox 1896 1509 2138 1575; x_wconf 65' lang='lat' dir='ltr'><strong>iugum,</strong></span> <span class='ocrx_word' id='word_1_150' title='bbox 2178 1508 2331 1575; x_wconf 69' lang='lat' dir='ltr'><strong>quia</strong></span> <span class='ocrx_word' id='word_1_151' title='bbox 2369 1516 2655 1565; x_wconf 62' lang='lat' dir='ltr'><strong>asssuetus</strong></span> 
     </span>
     <span class='ocr_line' id='line_1_19' title="bbox 347 1576 2651 1646; baseline -0 -16"><span class='ocrx_word' id='word_1_152' title='bbox 347 1597 467 1630; x_wconf 89' lang='lat' dir='ltr'><strong>non</strong></span> <span class='ocrx_word' id='word_1_153' title='bbox 512 1589 699 1643; x_wconf 85' lang='lat' dir='ltr'><strong>esset,</strong></span> <span class='ocrx_word' id='word_1_154' title='bbox 749 1578 949 1634; x_wconf 82' lang='lat' dir='ltr'><strong>subire</strong></span> <span class='ocrx_word' id='word_1_155' title='bbox 987 1579 1334 1644; x_wconf 77' lang='lat' dir='ltr'><strong>recusabat,</strong></span> <span class='ocrx_word' id='word_1_156' title='bbox 1382 1579 1903 1646; x_wconf 79' lang='lat' dir='ltr'><strong>Iudaei·tanquam</strong></span> <span class='ocrx_word' id='word_1_157' title='bbox 1933 1592 2044 1646; x_wconf 88' lang='lat' dir='ltr'><strong>pro</strong></span> <span class='ocrx_word' id='word_1_158' title='bbox 2063 1591 2298 1628; x_wconf 77' lang='lat' dir='ltr'><strong>summo</strong></span> <span class='ocrx_word' id='word_1_159' title='bbox 2325 1576 2651 1643; x_wconf 71' lang='lat' dir='ltr'><strong>religionis</strong></span> 
     </span>
     <span class='ocr_line' id='line_1_20' title="bbox 355 1644 2652 1716; baseline -0.001 -17"><span class='ocrx_word' id='word_1_160' title='bbox 355 1649 548 1715; x_wconf 85' lang='lat' dir='ltr'><strong>capite</strong></span> <span class='ocrx_word' id='word_1_161' title='bbox 597 1647 819 1699; x_wconf 87' lang='lat' dir='ltr'><strong>acriter</strong></span> <span class='ocrx_word' id='word_1_162' title='bbox 858 1647 1237 1700; x_wconf 77' lang='lat' dir='ltr'><strong>dimicabant.</strong></span> <span class='ocrx_word' id='word_1_163' title='bbox 1314 1648 1515 1716; x_wconf 73' lang='lat' dir='ltr'><strong>Quare</strong></span> <span class='ocrx_word' id='word_1_164' title='bbox 1551 1664 1669 1698; x_wconf 91' lang='lat' dir='ltr'><strong>non</strong></span> <span class='ocrx_word' id='word_1_165' title='bbox 1706 1647 2013 1699; x_wconf 87' lang='lat' dir='ltr'><strong>immerito</strong></span> <span class='ocrx_word' id='word_1_166' title='bbox 2042 1644 2252 1697; x_wconf 74' lang='lat' dir='ltr'><strong>Paulus</strong></span> <span class='ocrx_word' id='word_1_167' title='bbox 2296 1654 2652 1697; x_wconf 83' lang='lat' dir='ltr'><strong>constanter</strong></span> 
     </span>
     <span class='ocr_line' id='line_1_21' title="bbox 354 1714 2648 1784; baseline -0.001 -16"><span class='ocrx_word' id='word_1_168' title='bbox 354 1716 919 1784; x_wconf 73' lang='lat' dir='ltr'><strong>talibusEvangelii</strong></span> <span class='ocrx_word' id='word_1_169' title='bbox 961 1716 1414 1784; x_wconf 85' lang='lat' dir='ltr'><strong>corruptoribus</strong></span> <span class='ocrx_word' id='word_1_170' title='bbox 1453 1734 1514 1767; x_wconf 90' lang='lat' dir='ltr'><strong>se</strong></span> <span class='ocrx_word' id='word_1_171' title='bbox 1557 1715 1824 1783; x_wconf 88' lang='lat' dir='ltr'><strong>opponit.</strong></span> <span class='ocrx_word' id='word_1_172' title='bbox 1894 1717 2026 1767; x_wconf 86' lang='lat' dir='ltr'><strong>Hoc</strong></span> <span class='ocrx_word' id='word_1_173' title='bbox 2066 1714 2306 1782; x_wconf 73' lang='lat' dir='ltr'><strong>&#39;quidem</strong></span> <span class='ocrx_word' id='word_1_174' title='bbox 2344 1714 2479 1776; x_wconf 75' lang='lat' dir='ltr'><strong>Ioco</strong></span> <span class='ocrx_word' id='word_1_175' title='bbox 2522 1730 2648 1766; x_wconf 86' lang='lat' dir='ltr'><strong>non</strong></span> 
     </span>
     <span class='ocr_line' id='line_1_22' title="bbox 356 1780 2648 1852; baseline -0.001 -15"><span class='ocrx_word' id='word_1_176' title='bbox 356 1800 566 1837; x_wconf 85' lang='lat' dir='ltr'><strong>eorum</strong></span> <span class='ocrx_word' id='word_1_177' title='bbox 579 1785 765 1836; x_wconf 80' lang='lat' dir='ltr'><strong>modo</strong></span> <span class='ocrx_word' id='word_1_178' title='bbox 793 1800 1060 1839; x_wconf 85' lang='lat' dir='ltr'><strong>errorem</strong></span> <span class='ocrx_word' id='word_1_179' title='bbox 1085 1786 1333 1851; x_wconf 82' lang='lat' dir='ltr'><strong>refutat,</strong></span> <span class='ocrx_word' id='word_1_180' title='bbox 1371 1785 1472 1836; x_wconf 88' lang='lat' dir='ltr'><strong>sed</strong></span> <span class='ocrx_word' id='word_1_181' title='bbox 1497 1784 1822 1836; x_wconf 84' lang='lat' dir='ltr'><strong>vanitatem</strong></span> <span class='ocrx_word' id='word_1_182' title='bbox 1851 1781 2053 1852; x_wconf 85' lang='lat' dir='ltr'><strong>lepide</strong></span> <span class='ocrx_word' id='word_1_183' title='bbox 2072 1780 2255 1850; x_wconf 84' lang='lat' dir='ltr'><strong>ridet,</strong></span> <span class='ocrx_word' id='word_1_184' title='bbox 2294 1783 2451 1852; x_wconf 84' lang='lat' dir='ltr'><strong>quod</strong></span> <span class='ocrx_word' id='word_1_185' title='bbox 2473 1782 2648 1834; x_wconf 86' lang='lat' dir='ltr'><strong>nullo</strong></span> 
     </span>
     <span class='ocr_line' id='line_1_23' title="bbox 350 1850 2645 1923; baseline -0.001 -18"><span class='ocrx_word' id='word_1_186' title='bbox 350 1854 625 1923; x_wconf 75' lang='lat' dir='ltr'><strong>profectu</strong></span> <span class='ocrx_word' id='word_1_187' title='bbox 651 1854 717 1905; x_wconf 83' lang='lat' dir='ltr'><strong>in&#39;</strong></span> <span class='ocrx_word' id='word_1_188' title='bbox 742 1852 1012 1906; x_wconf 87' lang='lat' dir='ltr'><strong>ciborum</strong></span> <span class='ocrx_word' id='word_1_189' title='bbox 1044 1853 1397 1908; x_wconf 81' lang='lat' dir='ltr'><strong>abstinentia</strong></span> <span class='ocrx_word' id='word_1_190' title='bbox 1426 1853 1594 1905; x_wconf 74' lang='lat' dir='ltr'><strong>anxie</strong></span> <span class='ocrx_word' id='word_1_191' title='bbox 1621 1853 1916 1904; x_wconf 83' lang='lat' dir='ltr'><strong>laborent.</strong></span> <span class='ocrx_word' id='word_1_192' title='bbox 1987 1850 2201 1902; x_wconf 81' lang='lat' dir='ltr'><strong>Priore</strong></span> <span class='ocrx_word' id='word_1_193' title='bbox 2239 1853 2530 1904; x_wconf 86' lang='lat' dir='ltr'><strong>membro-</strong></span> <span class='ocrx_word' id='word_1_194' title='bbox 2551 1869 2645 1903; x_wconf 82' lang='lat' dir='ltr'><strong>as-</strong></span> 
     </span>
     <span class='ocr_line' id='line_1_24' title="bbox 354 1918 2642 1990; baseline -0.002 -16"><span class='ocrx_word' id='word_1_195' title='bbox 354 1923 504 1975; x_wconf 84' lang='lat' dir='ltr'><strong>serit</strong></span> <span class='ocrx_word' id='word_1_196' title='bbox 545 1920 945 1975; x_wconf 84' lang='lat' dir='ltr'><strong>Christianam</strong></span> <span class='ocrx_word' id='word_1_197' title='bbox 987 1918 1367 1990; x_wconf 75' lang='lat' dir='ltr'><strong>libertatem,</strong></span> <span class='ocrx_word' id='word_1_198' title='bbox 1416 1927 1556 1974; x_wconf 87' lang='lat' dir='ltr'><strong>dum</strong></span> <span class='ocrx_word' id='word_1_199' title='bbox 1597 1922 1745 1972; x_wconf 88' lang='lat' dir='ltr'><strong>nihil</strong></span> <span class='ocrx_word' id='word_1_200' title='bbox 1781 1922 2149 1972; x_wconf 87' lang='lat' dir='ltr'><strong>immundum</strong></span> <span class='ocrx_word' id='word_1_201' title='bbox 2193 1936 2317 1972; x_wconf 88' lang='lat' dir='ltr'><strong>esse</strong></span> <span class='ocrx_word' id='word_1_202' title='bbox 2359 1920 2642 1973; x_wconf 82' lang='lat' dir='ltr'><strong>fidelibus</strong></span> 
     </span>
     <span class='ocr_line' id='line_1_25' title="bbox 354 1989 2643 2061; baseline -0.002 -18"><span class='ocrx_word' id='word_1_203' title='bbox 354 1992 719 2061; x_wconf 78' lang='lat' dir='ltr'><strong>pronuntiat.</strong></span> <span class='ocrx_word' id='word_1_204' title='bbox 810 1991 960 2059; x_wconf 84' lang='lat' dir='ltr'><strong>Quia</strong></span> <span class='ocrx_word' id='word_1_205' title='bbox 985 1999 1183 2044; x_wconf 88' lang='lat' dir='ltr'><strong>autem</strong></span> <span class='ocrx_word' id='word_1_206' title='bbox 1213 1993 1562 2058; x_wconf 84' lang='lat' dir='ltr'><strong>non.agitur</strong></span> <span class='ocrx_word' id='word_1_207' title='bbox 1587 1990 1688 2041; x_wconf 89' lang='lat' dir='ltr'><strong>hic</strong></span> <span class='ocrx_word' id='word_1_208' title='bbox 1716 1993 1787 2041; x_wconf 91' lang='lat' dir='ltr'><strong>de</strong></span> <span class='ocrx_word' id='word_1_209' title='bbox 1817 1989 2153 2042; x_wconf 87' lang='lat' dir='ltr'><strong>valetudine</strong></span> <span class='ocrx_word' id='word_1_210' title='bbox 2185 1989 2483 2057; x_wconf 84' lang='lat' dir='ltr'><strong>corporis,</strong></span> <span class='ocrx_word' id='word_1_211' title='bbox 2538 1989 2643 2040; x_wconf 86' lang='lat' dir='ltr'><strong>sed</strong></span> 
     </span>
     <span class='ocr_line' id='line_1_26' title="bbox 354 2058 2643 2129; baseline -0.002 -18"><span class='ocrx_word' id='word_1_212' title='bbox 354 2061 428 2111; x_wconf 90' lang='lat' dir='ltr'><strong>de</strong></span> <span class='ocrx_word' id='word_1_213' title='bbox 469 2058 871 2129; x_wconf 73' lang='lat' dir='ltr'><strong>conscientiae</strong></span> <span class='ocrx_word' id='word_1_214' title='bbox 910 2061 1155 2129; x_wconf 73' lang='lat' dir='ltr'><strong>quiete,</strong></span> <span class='ocrx_word' id='word_1_215' title='bbox 1189 2077 1305 2111; x_wconf 89' lang='lat' dir='ltr'><strong>non</strong></span> <span class='ocrx_word' id='word_1_216' title='bbox 1347 2059 1509 2113; x_wconf 86' lang='lat' dir='ltr'><strong>aliud</strong></span> <span class='ocrx_word' id='word_1_217' title='bbox 1541 2058 1864 2124; x_wconf 77' lang='lat' dir='ltr'><strong>intelligit,</strong></span> <span class='ocrx_word' id='word_1_218' title='bbox 1917 2075 2094 2127; x_wconf 85' lang='lat' dir='ltr'><strong>quam</strong></span> <span class='ocrx_word' id='word_1_219' title='bbox 2130 2058 2643 2109; x_wconf 65' lang='lat' dir='ltr'><strong>ciborumdiscri-</strong></span> 
     </span>
     <span class='ocr_line' id='line_1_27' title="bbox 356 2126 2643 2197; baseline -0.002 -15"><span class='ocrx_word' id='word_1_220' title='bbox 356 2138 527 2197; x_wconf 12' lang='lat' dir='ltr'><strong>mend,</strong></span> <span class='ocrx_word' id='word_1_221' title='bbox 576 2128 872 2197; x_wconf 70' lang='lat' dir='ltr'><strong>qucd&#39;sub</strong></span> <span class='ocrx_word' id='word_1_222' title='bbox 902 2131 1063 2197; x_wconf 83' lang='lat' dir='ltr'><strong>Lege</strong></span> <span class='ocrx_word' id='word_1_223' title='bbox 1093 2129 1311 2193; x_wconf 88' lang='lat' dir='ltr'><strong>valuit,</strong></span> <span class='ocrx_word' id='word_1_224' title='bbox 1368 2146 1494 2181; x_wconf 89' lang='lat' dir='ltr'><strong>esse</strong></span> <span class='ocrx_word' id='word_1_225' title='bbox 1519 2127 1636 2179; x_wconf 89' lang='lat' dir='ltr'><strong>iam</strong></span> <span class='ocrx_word' id='word_1_226' title='bbox 1658 2128 1979 2179; x_wconf 85' lang='lat' dir='ltr'><strong>sublatum.</strong></span> <span class='ocrx_word' id='word_1_227' title='bbox 2052 2126 2269 2178; x_wconf 89' lang='lat' dir='ltr'><strong>Eadem</strong></span> <span class='ocrx_word' id='word_1_228' title='bbox 2304 2134 2509 2177; x_wconf 89' lang='lat' dir='ltr'><strong>tamen</strong></span> <span class='ocrx_word' id='word_1_229' title='bbox 2544 2142 2643 2178; x_wconf 87' lang='lat' dir='ltr'><strong>ra-</strong></span> 
     </span>
     <span class='ocr_line' id='line_1_28' title="bbox 353 2193 2641 2266; baseline -0.002 -16"><span class='ocrx_word' id='word_1_230' title='bbox 353 2199 832 2262; x_wconf 74' lang='lat' dir='ltr'><strong>tione-constat,</strong></span> <span class='ocrx_word' id='word_1_231' title='bbox 885 2214 1199 2266; x_wconf 85' lang='lat' dir='ltr'><strong>perperam</strong></span> <span class='ocrx_word' id='word_1_232' title='bbox 1246 2200 1453 2248; x_wconf 75' lang='lat' dir='ltr'><strong>facere</strong></span> <span class='ocrx_word' id='word_1_233' title='bbox 1488 2215 1622 2261; x_wconf 74' lang='lat' dir='ltr'><strong>eoS,</strong></span> <span class='ocrx_word' id='word_1_234' title='bbox 1676 2197 1814 2264; x_wconf 84' lang='lat' dir='ltr'><strong>quia</strong></span> <span class='ocrx_word' id='word_1_235' title='bbox 1840 2195 2199 2262; x_wconf 82' lang='lat' dir='ltr'><strong>religionem</strong></span> <span class='ocrx_word' id='word_1_236' title='bbox 2232 2196 2342 2245; x_wconf 88' lang='lat' dir='ltr'><strong>hac</strong></span> <span class='ocrx_word' id='word_1_237' title='bbox 2377 2193 2443 2244; x_wconf 89' lang='lat' dir='ltr'><strong>in</strong></span> <span class='ocrx_word' id='word_1_238' title='bbox 2471 2204 2641 2261; x_wconf 86' lang='lat' dir='ltr'><strong>parte</strong></span> 
     </span>
     <span class='ocr_line' id='line_1_29' title="bbox 355 2263 2640 2329; baseline -0.003 -9"><span class='ocrx_word' id='word_1_239' title='bbox 355 2266 744 2320; x_wconf 86' lang='lat' dir='ltr'><strong>conscientiis</strong></span> <span class='ocrx_word' id='word_1_240' title='bbox 783 2266 1080 2318; x_wconf 86' lang='lat' dir='ltr'><strong>iniiciunt.</strong></span> <span class='ocrx_word' id='word_1_241' title='bbox 1166 2268 1274 2319; x_wconf 85' lang='lat' dir='ltr'><strong>Est</strong></span> <span class='ocrx_word' id='word_1_242' title='bbox 1316 2265 1473 2321; x_wconf 84' lang='lat' dir='ltr'><strong>enim</strong></span> <span class='ocrx_word' id='word_1_243' title='bbox 1512 2268 1665 2329; x_wconf 74' lang='lat' dir='ltr'><strong>haec</strong></span> <span class='ocrx_word' id='word_1_244' title='bbox 1701 2281 1835 2317; x_wconf 83' lang='lat' dir='ltr'><strong>non·</strong></span> <span class='ocrx_word' id='word_1_245' title='bbox 1864 2266 2038 2316; x_wconf 89' lang='lat' dir='ltr'><strong>unius</strong></span> <span class='ocrx_word' id='word_1_246' title='bbox 2078 2263 2302 2315; x_wconf 88' lang='lat' dir='ltr'><strong>saeculi</strong></span> <span class='ocrx_word' id='word_1_247' title='bbox 2346 2263 2640 2328; x_wconf 85' lang='lat' dir='ltr'><strong>doctrina,</strong></span> 
     </span>
     <span class='ocr_line' id='line_1_30' title="bbox 354 2332 2643 2401; baseline -0.003 -13"><span class='ocrx_word' id='word_1_248' title='bbox 354 2337 456 2389; x_wconf 87' lang='lat' dir='ltr'><strong>sed</strong></span> <span class='ocrx_word' id='word_1_249' title='bbox 497 2346 808 2387; x_wconf 85' lang='lat' dir='ltr'><strong>aeternum</strong></span> <span class='ocrx_word' id='word_1_250' title='bbox 833 2336 1089 2401; x_wconf 79' lang='lat' dir='ltr'><strong>Spiritus</strong></span> <span class='ocrx_word' id='word_1_251' title='bbox 1133 2337 1325 2387; x_wconf 84' lang='lat' dir='ltr'><strong>sancti</strong></span> <span class='ocrx_word' id='word_1_252' title='bbox 1366 2335 1704 2399; x_wconf 87' lang='lat' dir='ltr'><strong>oraculum,</strong></span> <span class='ocrx_word' id='word_1_253' title='bbox 1757 2335 1847 2384; x_wconf 86' lang='lat' dir='ltr'><strong>cni</strong></span> <span class='ocrx_word' id='word_1_254' title='bbox 1893 2333 2057 2385; x_wconf 84' lang='lat' dir='ltr'><strong>nulla</strong></span> <span class='ocrx_word' id='word_1_255' title='bbox 2095 2348 2250 2384; x_wconf 81' lang='lat' dir='ltr'><strong>nova</strong></span> <span class='ocrx_word' id='word_1_256' title='bbox 2288 2333 2422 2400; x_wconf 85' lang='lat' dir='ltr'><strong>lege</strong></span> <span class='ocrx_word' id='word_1_257' title='bbox 2467 2332 2643 2383; x_wconf 88' lang='lat' dir='ltr'><strong>dero-</strong></span> 
     </span>
     <span class='ocr_line' id='line_1_31' title="bbox 357 2403 2639 2475; baseline -0.002 -18"><span class='ocrx_word' id='word_1_258' title='bbox 357 2422 500 2475; x_wconf 80' lang='lat' dir='ltr'><strong>gare</strong></span> <span class='ocrx_word' id='word_1_259' title='bbox 534 2405 624 2457; x_wconf 84' lang='lat' dir='ltr'><strong>fas</strong></span> <span class='ocrx_word' id='word_1_260' title='bbox 666 2413 772 2456; x_wconf 89' lang='lat' dir='ltr'><strong>est.</strong></span> <span class='ocrx_word' id='word_1_261' title='bbox 861 2407 1060 2473; x_wconf 84' lang='lat' dir='ltr'><strong>Quare</strong></span> <span class='ocrx_word' id='word_1_262' title='bbox 1088 2403 1204 2455; x_wconf 83' lang='lat' dir='ltr'><strong>hoc</strong></span> <span class='ocrx_word' id='word_1_263' title='bbox 1233 2421 1418 2473; x_wconf 85' lang='lat' dir='ltr'><strong>usque</strong></span> <span class='ocrx_word' id='word_1_264' title='bbox 1448 2404 1517 2455; x_wconf 89' lang='lat' dir='ltr'><strong>ad</strong></span> <span class='ocrx_word' id='word_1_265' title='bbox 1542 2404 1721 2456; x_wconf 77' lang='lat' dir='ltr'><strong>finem</strong></span> <span class='ocrx_word' id='word_1_266' title='bbox 1752 2403 1953 2456; x_wconf 80' lang='lat' dir='ltr'><strong>mundi</strong></span> <span class='ocrx_word' id='word_1_267' title='bbox 1986 2417 2192 2454; x_wconf 85' lang='lat' dir='ltr'><strong>verum</strong></span> <span class='ocrx_word' id='word_1_268' title='bbox 2225 2418 2348 2452; x_wconf 86' lang='lat' dir='ltr'><strong>esse</strong></span> <span class='ocrx_word' id='word_1_269' title='bbox 2380 2410 2639 2469; x_wconf 83' lang='lat' dir='ltr'><strong>oportet,</strong></span> 
     </span>
     <span class='ocr_line' id='line_1_32' title="bbox 355 2465 2640 2537; baseline -0.001 -13"><span class='ocrx_word' id='word_1_270' title='bbox 355 2473 578 2527; x_wconf 85' lang='lat' dir='ltr'><strong>nullius</strong></span> <span class='ocrx_word' id='word_1_271' title='bbox 611 2474 722 2523; x_wconf 86' lang='lat' dir='ltr'><strong>cibi</strong></span> <span class='ocrx_word' id='word_1_272' title='bbox 751 2491 928 2527; x_wconf 87' lang='lat' dir='ltr'><strong>usum·</strong></span> <span class='ocrx_word' id='word_1_273' title='bbox 950 2491 1146 2525; x_wconf 86' lang='lat' dir='ltr'><strong>coram</strong></span> <span class='ocrx_word' id='word_1_274' title='bbox 1176 2476 1302 2530; x_wconf 89' lang='lat' dir='ltr'><strong>Deo</strong></span> <span class='ocrx_word' id='word_1_275' title='bbox 1334 2473 1615 2525; x_wconf 85' lang='lat' dir='ltr'><strong>illicitum</strong></span> <span class='ocrx_word' id='word_1_276' title='bbox 1648 2488 1793 2528; x_wconf 84' lang='lat' dir='ltr'><strong>esse.</strong></span> <span class='ocrx_word' id='word_1_277' title='bbox 1882 2465 2033 2524; x_wconf 79' lang='lat' dir='ltr'><strong>Ideo</strong></span> <span class='ocrx_word' id='word_1_278' title='bbox 2054 2480 2191 2537; x_wconf 84' lang='lat' dir='ltr'><strong>apte</strong></span> <span class='ocrx_word' id='word_1_279' title='bbox 2218 2480 2277 2522; x_wconf 86' lang='lat' dir='ltr'><strong>et</strong></span> <span class='ocrx_word' id='word_1_280' title='bbox 2303 2486 2640 2537; x_wconf 85' lang='lat' dir='ltr'><strong>congruen-</strong></span> 
     </span>
     <span class='ocr_line' id='line_1_33' title="bbox 337 2540 2643 2609; baseline -0.003 -14"><span class='ocrx_word' id='word_1_281' title='bbox 337 2554 452 2604; x_wconf 12' lang='lat' dir='ltr'><strong>*ter</strong></span> <span class='ocrx_word' id='word_1_282' title='bbox 491 2543 588 2593; x_wconf 88' lang='lat' dir='ltr'><strong>hic</strong></span> <span class='ocrx_word' id='word_1_283' title='bbox 622 2543 814 2593; x_wconf 72' lang='lat' dir='ltr'><strong>locus-</strong></span> <span class='ocrx_word' id='word_1_284' title='bbox 838 2543 1116 2598; x_wconf 76' lang='lat' dir='ltr'><strong>adversus</strong></span> <span class='ocrx_word' id='word_1_285' title='bbox 1160 2544 1529 2608; x_wconf 81' lang='lat' dir='ltr'><strong>tyrannicam</strong></span> <span class='ocrx_word' id='word_1_286' title='bbox 1561 2541 1753 2608; x_wconf 86' lang='lat' dir='ltr'><strong>Papae</strong></span> <span class='ocrx_word' id='word_1_287' title='bbox 1791 2541 1984 2609; x_wconf 85' lang='lat' dir='ltr'><strong>legem</strong></span> <span class='ocrx_word' id='word_1_288' title='bbox 2025 2540 2276 2604; x_wconf 87' lang='lat' dir='ltr'><strong>citatur,</strong></span> <span class='ocrx_word' id='word_1_289' title='bbox 2329 2554 2482 2608; x_wconf 86' lang='lat' dir='ltr'><strong>quae</strong></span> <span class='ocrx_word' id='word_1_290' title='bbox 2503 2552 2643 2591; x_wconf 67' lang='lat' dir='ltr'><strong>ear·-</strong></span> 
     </span>
     <span class='ocr_line' id='line_1_34' title="bbox 356 2608 2641 2677; baseline -0.002 -14"><span class='ocrx_word' id='word_1_291' title='bbox 356 2612 522 2664; x_wconf 86' lang='lat' dir='ltr'><strong>nium</strong></span> <span class='ocrx_word' id='word_1_292' title='bbox 553 2627 719 2661; x_wconf 84' lang='lat' dir='ltr'><strong>esum</strong></span> <span class='ocrx_word' id='word_1_293' title='bbox 749 2612 925 2664; x_wconf 85' lang='lat' dir='ltr'><strong>certis</strong></span> <span class='ocrx_word' id='word_1_294' title='bbox 952 2613 1326 2677; x_wconf 83' lang='lat' dir='ltr'><strong>temporibus</strong></span> <span class='ocrx_word' id='word_1_295' title='bbox 1355 2609 1657 2677; x_wconf 83' lang='lat' dir='ltr'><strong>prohibet.</strong></span> <span class='ocrx_word' id='word_1_296' title='bbox 1730 2610 1936 2677; x_wconf 84' lang='lat' dir='ltr'><strong>Neque</strong></span> <span class='ocrx_word' id='word_1_297' title='bbox 1966 2624 2106 2663; x_wconf 67' lang='lat' dir='ltr'><strong>„vero</strong></span> <span class='ocrx_word' id='word_1_298' title='bbox 2139 2625 2233 2659; x_wconf 88' lang='lat' dir='ltr'><strong>me</strong></span> <span class='ocrx_word' id='word_1_299' title='bbox 2266 2609 2451 2672; x_wconf 89' lang='lat' dir='ltr'><strong>latet,</strong></span> <span class='ocrx_word' id='word_1_300' title='bbox 2499 2608 2641 2677; x_wconf 81' lang='lat' dir='ltr'><strong>quid</strong></span> 
     </span>
     <span class='ocr_line' id='line_1_35' title="bbox 358 2675 2641 2748; baseline -0.002 -15"><span class='ocrx_word' id='word_1_301' title='bbox 358 2681 728 2736; x_wconf 64' lang='lat' dir='ltr'><strong>cavillentur.</strong></span> <span class='ocrx_word' id='word_1_302' title='bbox 789 2696 794 2704; x_wconf 83' lang='grc'>’</span> <span class='ocrx_word' id='word_1_303' title='bbox 819 2682 1087 2748; x_wconf 82' lang='lat' dir='ltr'><strong>Negant,</strong></span> <span class='ocrx_word' id='word_1_304' title='bbox 1129 2698 1191 2730; x_wconf 86' lang='lat' dir='ltr'><strong>se</strong></span> <span class='ocrx_word' id='word_1_305' title='bbox 1220 2680 1489 2732; x_wconf 66' lang='lat' dir='ltr'><strong>carnium</strong></span> <span class='ocrx_word' id='word_1_306' title='bbox 1517 2695 1680 2730; x_wconf 87' lang='lat' dir='ltr'><strong>esum</strong></span> <span class='ocrx_word' id='word_1_307' title='bbox 1708 2677 2068 2736; x_wconf 77' lang='lat' dir='ltr'><strong>interdicere</strong></span> <span class='ocrx_word' id='word_1_308' title='bbox 2087 2713 2104 2739; x_wconf 93' lang='lat'><strong>,</strong></span> <span class='ocrx_word' id='word_1_309' title='bbox 2144 2675 2284 2743; x_wconf 85' lang='lat' dir='ltr'><strong>quia</strong></span> <span class='ocrx_word' id='word_1_310' title='bbox 2308 2676 2641 2728; x_wconf 86' lang='lat' dir='ltr'><strong>immundas</strong></span> 
     </span>
     <span class='ocr_line' id='line_1_36' title="bbox 359 2745 2642 2814; baseline -0.003 -13"><span class='ocrx_word' id='word_1_311' title='bbox 359 2766 485 2801; x_wconf 87' lang='lat' dir='ltr'><strong>esse</strong></span> <span class='ocrx_word' id='word_1_312' title='bbox 514 2749 714 2800; x_wconf 88' lang='lat' dir='ltr'><strong>dicant</strong></span> <span class='ocrx_word' id='word_1_313' title='bbox 744 2748 1031 2814; x_wconf 81' lang='lat' dir='ltr'><strong>(fatentur</strong></span> <span class='ocrx_word' id='word_1_314' title='bbox 1064 2751 1217 2800; x_wconf 88' lang='lat' dir='ltr'><strong>enim</strong></span> <span class='ocrx_word' id='word_1_315' title='bbox 1244 2750 1408 2800; x_wconf 85' lang='lat' dir='ltr'><strong>cibos</strong></span> <span class='ocrx_word' id='word_1_316' title='bbox 1438 2763 1637 2800; x_wconf 88' lang='lat' dir='ltr'><strong>omnes</strong></span> <span class='ocrx_word' id='word_1_317' title='bbox 1665 2764 1770 2812; x_wconf 84' lang='lat' dir='ltr'><strong>per</strong></span> <span class='ocrx_word' id='word_1_318' title='bbox 1795 2765 1856 2798; x_wconf 89' lang='lat' dir='ltr'><strong>se</strong></span> <span class='ocrx_word' id='word_1_319' title='bbox 1884 2745 2133 2798; x_wconf 83' lang='lat' dir='ltr'><strong>mundos</strong></span> <span class='ocrx_word' id='word_1_320' title='bbox 2163 2747 2234 2797; x_wconf 80' lang='lat' dir='ltr'><strong>a&#39;c</strong></span> <span class='ocrx_word' id='word_1_321' title='bbox 2259 2760 2441 2812; x_wconf 85' lang='lat' dir='ltr'><strong>puros</strong></span> <span class='ocrx_word' id='word_1_322' title='bbox 2470 2750 2642 2812; x_wconf 83' lang='lat' dir='ltr'><strong>esse),</strong></span> 
     </span>
     <span class='ocr_line' id='line_1_37' title="bbox 361 2813 2642 2884; baseline -0.001 -15"><span class='ocrx_word' id='word_1_323' title='bbox 361 2818 462 2870; x_wconf 83' lang='lat' dir='ltr'><strong>sed</strong></span> <span class='ocrx_word' id='word_1_324' title='bbox 498 2816 621 2868; x_wconf 86' lang='lat' dir='ltr'><strong>alio</strong></span> <span class='ocrx_word' id='word_1_325' title='bbox 666 2828 943 2884; x_wconf 86' lang='lat' dir='ltr'><strong>respectu</strong></span> <span class='ocrx_word' id='word_1_326' title='bbox 986 2820 1261 2882; x_wconf 80' lang='lat' dir='ltr'><strong>carnium</strong></span> <span class='ocrx_word' id='word_1_327' title='bbox 1301 2816 1725 2868; x_wconf 85' lang='lat' dir='ltr'><strong>abstinentiam</strong></span> <span class='ocrx_word' id='word_1_328' title='bbox 1766 2816 1949 2880; x_wconf 85' lang='lat' dir='ltr'><strong>edici,</strong></span> <span class='ocrx_word' id='word_1_329' title='bbox 1998 2825 2064 2867; x_wconf 91' lang='lat' dir='ltr'><strong>ut</strong></span> <span class='ocrx_word' id='word_1_330' title='bbox 2098 2813 2330 2866; x_wconf 87' lang='lat' dir='ltr'><strong>scilicet</strong></span> <span class='ocrx_word' id='word_1_331' title='bbox 2364 2813 2642 2866; x_wconf 88' lang='lat' dir='ltr'><strong>dometur</strong></span> 
     </span>
     <span class='ocr_line' id='line_1_38' title="bbox 362 2882 2697 2954; baseline -0.002 -16"><span class='ocrx_word' id='word_1_332' title='bbox 362 2887 556 2938; x_wconf 89' lang='lat' dir='ltr'><strong>carnis</strong></span> <span class='ocrx_word' id='word_1_333' title='bbox 586 2885 845 2938; x_wconf 86' lang='lat' dir='ltr'><strong>lascivia.</strong></span> <span class='ocrx_word' id='word_1_334' title='bbox 919 2886 1108 2954; x_wconf 74' lang='lat' dir='ltr'><strong>Quasi</strong></span> <span class='ocrx_word' id='word_1_335' title='bbox 1130 2902 1270 2937; x_wconf 78' lang='lat' dir='ltr'><strong>vero</strong></span> <span class='ocrx_word' id='word_1_336' title='bbox 1290 2882 1876 2937; x_wconf 79' lang='lat' dir='ltr'><strong>Dominus-vetuerit</strong></span> <span class='ocrx_word' id='word_1_337' title='bbox 1907 2882 2056 2940; x_wconf 81' lang='lat' dir='ltr'><strong>olim</strong></span> <span class='ocrx_word' id='word_1_338' title='bbox 2081 2882 2254 2935; x_wconf 84' lang='lat' dir='ltr'><strong>suilla</strong></span> <span class='ocrx_word' id='word_1_339' title='bbox 2276 2882 2462 2948; x_wconf 67' lang='lat' dir='ltr'><strong>¹vesci,</strong></span> <span class='ocrx_word' id='word_1_340' title='bbox 2504 2884 2644 2951; x_wconf 84' lang='lat' dir='ltr'><strong>quia</strong></span> <span class='ocrx_word' id='word_1_341' title='bbox 2692 2891 2697 2898; x_wconf 83' lang='grc'><strong>“</strong></span> 
     </span>
     <span class='ocr_line' id='line_1_39' title="bbox 356 2950 2640 3020; baseline -0.002 -13"><span class='ocrx_word' id='word_1_342' title='bbox 356 2955 690 3007; x_wconf 85' lang='lat' dir='ltr'><strong>immundos</strong></span> <span class='ocrx_word' id='word_1_343' title='bbox 744 2971 875 3005; x_wconf 88' lang='lat' dir='ltr'><strong>sues</strong></span> <span class='ocrx_word' id='word_1_344' title='bbox 922 2954 1230 3007; x_wconf 85' lang='lat' dir='ltr'><strong>iudicaret.</strong></span> <span class='ocrx_word' id='word_1_345' title='bbox 1305 2955 1554 3010; x_wconf 38' lang='lat' dir='ltr'><strong>sPurum</strong></span> <span class='ocrx_word' id='word_1_346' title='bbox 1603 2953 1764 3005; x_wconf 86' lang='lat' dir='ltr'><strong>enim</strong></span> <span class='ocrx_word' id='word_1_347' title='bbox 1811 2969 1919 3020; x_wconf 88' lang='lat' dir='ltr'><strong>per</strong></span> <span class='ocrx_word' id='word_1_348' title='bbox 1957 2969 2021 3004; x_wconf 89' lang='lat' dir='ltr'><strong>se</strong></span> <span class='ocrx_word' id='word_1_349' title='bbox 2060 2969 2131 3003; x_wconf 86' lang='lat' dir='ltr'><strong>ac</strong></span> <span class='ocrx_word' id='word_1_350' title='bbox 2167 2950 2453 3003; x_wconf 86' lang='lat' dir='ltr'><strong>mundum</strong></span> <span class='ocrx_word' id='word_1_351' title='bbox 2494 2969 2640 3016; x_wconf 88' lang='lat' dir='ltr'><strong>esse,</strong></span> 
     </span>
     <span class='ocr_line' id='line_1_40' title="bbox 361 3018 2640 3093; baseline -0.002 -19"><span class='ocrx_word' id='word_1_352' title='bbox 361 3024 641 3093; x_wconf 81' lang='lat' dir='ltr'><strong>quicquid</strong></span> <span class='ocrx_word' id='word_1_353' title='bbox 685 3024 910 3074; x_wconf 85' lang='lat' dir='ltr'><strong>creavit</strong></span> <span class='ocrx_word' id='word_1_354' title='bbox 937 3024 1130 3089; x_wconf 88' lang='lat' dir='ltr'><strong>Deus,</strong></span> <span class='ocrx_word' id='word_1_355' title='bbox 1157 3059 1160 3060; x_wconf 14' lang='grc' dir='ltr'><em>γ</em></span> <span class='ocrx_word' id='word_1_356' title='bbox 1189 3026 1406 3073; x_wconf 86' lang='lat' dir='ltr'><strong>Patres·</strong></span> <span class='ocrx_word' id='word_1_357' title='bbox 1430 3021 1615 3074; x_wconf 77' lang='lat' dir='ltr'><strong>etiam</strong></span> <span class='ocrx_word' id='word_1_358' title='bbox 1653 3022 1758 3088; x_wconf 87' lang='lat' dir='ltr'><strong>sub</strong></span> <span class='ocrx_word' id='word_1_359' title='bbox 1788 3022 1951 3087; x_wconf 83' lang='lat' dir='ltr'><strong>Lege</strong></span> <span class='ocrx_word' id='word_1_360' title='bbox 1988 3022 2315 3081; x_wconf 81' lang='lat' dir='ltr'><strong>duxerunt3</strong></span> <span class='ocrx_word' id='word_1_361' title='bbox 2372 3019 2475 3074; x_wconf 82' lang='lat' dir='ltr'><strong>sed</strong></span> <span class='ocrx_word' id='word_1_362' title='bbox 2506 3018 2640 3071; x_wconf 87' lang='lat' dir='ltr'><strong>ideo</strong></span> 
     </span>
     <span class='ocr_line' id='line_1_41' title="bbox 358 3088 2640 3162; baseline -0.003 -17"><span class='ocrx_word' id='word_1_363' title='bbox 358 3092 695 3145; x_wconf 86' lang='lat' dir='ltr'><strong>immundos</strong></span> <span class='ocrx_word' id='word_1_364' title='bbox 729 3091 1077 3155; x_wconf 47' lang='lat' dir='ltr'><strong>habehants</strong></span> <span class='ocrx_word' id='word_1_365' title='bbox 1112 3092 1252 3162; x_wconf 85' lang='lat' dir='ltr'><strong>quia</strong></span> <span class='ocrx_word' id='word_1_366' title='bbox 1279 3104 1418 3144; x_wconf 79' lang='lat' dir='ltr'><strong>usus</strong></span> <span class='ocrx_word' id='word_1_367' title='bbox 1436 3128 1452 3155; x_wconf 93' lang='lat'><strong>,</strong></span> <span class='ocrx_word' id='word_1_368' title='bbox 1484 3107 1523 3143; x_wconf 79' lang='lat' dir='ltr'><strong>a</strong></span> <span class='ocrx_word' id='word_1_369' title='bbox 1549 3107 1664 3158; x_wconf 87' lang='lat' dir='ltr'><strong>quo</strong></span> <span class='ocrx_word' id='word_1_370' title='bbox 1691 3091 1846 3157; x_wconf 86' lang='lat' dir='ltr'><strong>ipsos</strong></span> <span class='ocrx_word' id='word_1_371' title='bbox 1874 3089 1994 3141; x_wconf 91' lang='lat' dir='ltr'><strong>Dei</strong></span> <span class='ocrx_word' id='word_1_372' title='bbox 2018 3088 2348 3157; x_wconf 75' lang='lat' dir='ltr'><strong>prohibitio</strong></span> <span class='ocrx_word' id='word_1_373' title='bbox 2379 3090 2640 3153; x_wconf 87' lang='lat' dir='ltr'><strong>arcebat,</strong></span> 
     </span>
     <span class='ocr_line' id='line_1_42' title="bbox 361 3157 2645 3230; baseline -0.003 -17"><span class='ocrx_word' id='word_1_374' title='bbox 361 3170 491 3213; x_wconf 86' lang='lat' dir='ltr'><strong>erat</strong></span> <span class='ocrx_word' id='word_1_375' title='bbox 531 3160 799 3212; x_wconf 83' lang='lat' dir='ltr'><strong>illicitus.</strong></span> <span class='ocrx_word' id='word_1_376' title='bbox 903 3161 1088 3211; x_wconf 85' lang='lat' dir='ltr'><strong>Puros</strong></span> <span class='ocrx_word' id='word_1_377' title='bbox 1127 3177 1267 3229; x_wconf 87' lang='lat' dir='ltr'><strong>ergo</strong></span> <span class='ocrx_word' id='word_1_378' title='bbox 1308 3176 1513 3213; x_wconf 79' lang='lat' dir='ltr'><strong>omnes</strong></span> <span class='ocrx_word' id='word_1_379' title='bbox 1552 3176 1674 3210; x_wconf 89' lang='lat' dir='ltr'><strong>non</strong></span> <span class='ocrx_word' id='word_1_380' title='bbox 1712 3158 1827 3212; x_wconf 83' lang='lat' dir='ltr'><strong>alio</strong></span> <span class='ocrx_word' id='word_1_381' title='bbox 1871 3175 2045 3210; x_wconf 86' lang='lat' dir='ltr'><strong>sensu</strong></span> <span class='ocrx_word' id='word_1_382' title='bbox 2086 3157 2399 3230; x_wconf 85' lang='lat' dir='ltr'><strong>Apostolus</strong></span> <span class='ocrx_word' id='word_1_383' title='bbox 2446 3169 2645 3220; x_wconf 81' lang='lat' dir='ltr'><strong>vocat,</strong></span> 
     </span>
     <span class='ocr_line' id='line_1_43' title="bbox 361 3226 2644 3296; baseline -0.003 -13"><span class='ocrx_word' id='word_1_384' title='bbox 361 3228 483 3283; x_wconf 84' lang='lat' dir='ltr'><strong>nisi</strong></span> <span class='ocrx_word' id='word_1_385' title='bbox 517 3227 655 3295; x_wconf 83' lang='lat' dir='ltr'><strong>quia</strong></span> <span class='ocrx_word' id='word_1_386' title='bbox 683 3228 839 3280; x_wconf 79' lang='lat' dir='ltr'><strong>liber</strong></span> <span class='ocrx_word' id='word_1_387' title='bbox 868 3228 1131 3282; x_wconf 87' lang='lat' dir='ltr'><strong>omnium</strong></span> <span class='ocrx_word' id='word_1_388' title='bbox 1161 3246 1298 3281; x_wconf 89' lang='lat' dir='ltr'><strong>usus</strong></span> <span class='ocrx_word' id='word_1_389' title='bbox 1325 3228 1632 3296; x_wconf 43' lang='lat' dir='ltr'><strong>estffquoad</strong></span> <span class='ocrx_word' id='word_1_390' title='bbox 1658 3226 2112 3279; x_wconf 82' lang='lat' dir='ltr'><strong>conscientiam.</strong></span> <span class='ocrx_word' id='word_1_391' title='bbox 2201 3229 2292 3278; x_wconf 83' lang='lat' dir='ltr'><strong>Ita</strong></span> <span class='ocrx_word' id='word_1_392' title='bbox 2317 3226 2369 3277; x_wconf 86' lang='lat' dir='ltr'><strong>si</strong></span> <span class='ocrx_word' id='word_1_393' title='bbox 2404 3243 2522 3294; x_wconf 85' lang='lat' dir='ltr'><strong>qua</strong></span> <span class='ocrx_word' id='word_1_394' title='bbox 2551 3228 2644 3277; x_wconf 86' lang='lat' dir='ltr'><strong>lex</strong></span> 
     </span>
     <span class='ocr_line' id='line_1_44' title="bbox 367 3295 2644 3366; baseline -0.002 -16"><span class='ocrx_word' id='word_1_395' title='bbox 367 3297 439 3350; x_wconf 87' lang='lat' dir='ltr'><strong>ad</strong></span> <span class='ocrx_word' id='word_1_396' title='bbox 478 3297 733 3366; x_wconf 81' lang='lat' dir='ltr'><strong>aliquam</strong></span> <span class='ocrx_word' id='word_1_397' title='bbox 761 3298 1105 3354; x_wconf 54' lang='lat' dir='ltr'><strong>,abstinendi</strong></span> <span class='ocrx_word' id='word_1_398' title='bbox 1147 3299 1562 3349; x_wconf 87' lang='lat' dir='ltr'><strong>necessitatem</strong></span> <span class='ocrx_word' id='word_1_399' title='bbox 1588 3296 1978 3350; x_wconf 84' lang='lat' dir='ltr'><strong>conscientias</strong></span> <span class='ocrx_word' id='word_1_400' title='bbox 2007 3295 2362 3362; x_wconf 84' lang='lat' dir='ltr'><strong>obstringit,</strong></span> <span class='ocrx_word' id='word_1_401' title='bbox 2401 3310 2644 3345; x_wconf 86' lang='lat' dir='ltr'><strong>conces·</strong></span> 
     </span>
     <span class='ocr_line' id='line_1_45' title="bbox 364 3365 2644 3434; baseline -0.003 -14"><span class='ocrx_word' id='word_1_402' title='bbox 364 3384 487 3421; x_wconf 85' lang='lat' dir='ltr'><strong>sam</strong></span> <span class='ocrx_word' id='word_1_403' title='bbox 518 3380 557 3417; x_wconf 78' lang='lat' dir='ltr'><strong>‘a</strong></span> <span class='ocrx_word' id='word_1_404' title='bbox 597 3368 724 3416; x_wconf 87' lang='lat' dir='ltr'><strong>Deo</strong></span> <span class='ocrx_word' id='word_1_405' title='bbox 756 3365 1102 3417; x_wconf 87' lang='lat' dir='ltr'><strong>libertatem</strong></span> <span class='ocrx_word' id='word_1_406' title='bbox 1142 3366 1325 3434; x_wconf 86' lang='lat' dir='ltr'><strong>impie</strong></span> <span class='ocrx_word' id='word_1_407' title='bbox 1365 3365 1551 3431; x_wconf 87' lang='lat' dir='ltr'><strong>eripit</strong></span> <span class='ocrx_word' id='word_1_408' title='bbox 1592 3365 1887 3415; x_wconf 82' lang='lat' dir='ltr'><strong>fidelibus.</strong></span> <span class='ocrx_word' id='word_1_409' title='bbox 2050 3365 2390 3430; x_wconf 78' lang='lat' dir='ltr'><strong>Inquinatis</strong></span> <span class='ocrx_word' id='word_1_410' title='bbox 2435 3370 2644 3414; x_wconf 77' lang='lat' dir='ltr'><strong>autem.</strong></span> 
     </span>
     <span class='ocr_line' id='line_1_46' title="bbox 363 3430 2644 3502; baseline -0.004 -14"><span class='ocrx_word' id='word_1_411' title='bbox 363 3434 700 3489; x_wconf 87' lang='lat' dir='ltr'><strong>Secundum</strong></span> <span class='ocrx_word' id='word_1_412' title='bbox 737 3435 1068 3486; x_wconf 85' lang='lat' dir='ltr'><strong>membrum</strong></span> <span class='ocrx_word' id='word_1_413' title='bbox 1107 3446 1229 3498; x_wconf 81' lang='lat' dir='ltr'><strong>est„</strong></span> <span class='ocrx_word' id='word_1_414' title='bbox 1278 3450 1394 3502; x_wconf 86' lang='lat' dir='ltr'><strong>quo</strong></span> <span class='ocrx_word' id='word_1_415' title='bbox 1437 3434 1684 3486; x_wconf 80' lang='lat' dir='ltr'><strong>inutiles</strong></span> <span class='ocrx_word' id='word_1_416' title='bbox 1722 3450 1793 3483; x_wconf 83' lang='lat' dir='ltr'><strong>ac</strong></span> <span class='ocrx_word' id='word_1_417' title='bbox 1832 3433 2036 3484; x_wconf 84' lang='lat' dir='ltr'><strong>irritas</strong></span> <span class='ocrx_word' id='word_1_418' title='bbox 2073 3432 2282 3484; x_wconf 69' lang='lat' dir='ltr'><strong>talium</strong></span> <span class='ocrx_word' id='word_1_419' title='bbox 2322 3430 2644 3499; x_wconf 86' lang='lat' dir='ltr'><strong>magistro-</strong></span> 
     </span>
     <span class='ocr_line' id='line_1_47' title="bbox 293 3499 2640 3569; baseline -0.003 -11"><span class='ocrx_word' id='word_1_420' title='bbox 293 3533 296 3542; x_wconf 95' lang='lat'>·</span> <span class='ocrx_word' id='word_1_421' title='bbox 365 3522 499 3558; x_wconf 87' lang='lat' dir='ltr'><strong>rum</strong></span> <span class='ocrx_word' id='word_1_422' title='bbox 528 3505 830 3566; x_wconf 83' lang='lat' dir='ltr'><strong>cautiones</strong></span> <span class='ocrx_word' id='word_1_423' title='bbox 858 3504 1214 3555; x_wconf 50' lang='lat' dir='ltr'><strong>subsannat.¹</strong></span> <span class='ocrx_word' id='word_1_424' title='bbox 1265 3503 1434 3554; x_wconf 87' lang='lat' dir='ltr'><strong>Dicit</strong></span> <span class='ocrx_word' id='word_1_425' title='bbox 1463 3500 1623 3553; x_wconf 88' lang='lat' dir='ltr'><strong>enim</strong></span> <span class='ocrx_word' id='word_1_426' title='bbox 1643 3529 1661 3566; x_wconf 87' lang='lat'><strong>,-</strong></span> <span class='ocrx_word' id='word_1_427' title='bbox 1696 3500 1848 3552; x_wconf 87' lang='lat' dir='ltr'><strong>nihil</strong></span> <span class='ocrx_word' id='word_1_428' title='bbox 1872 3501 2017 3554; x_wconf 80' lang='lat' dir='ltr'><strong>illos</strong></span> <span class='ocrx_word' id='word_1_429' title='bbox 2050 3500 2346 3569; x_wconf 82' lang='lat' dir='ltr'><strong>proficere</strong></span> <span class='ocrx_word' id='word_1_430' title='bbox 2376 3499 2640 3551; x_wconf 80' lang='lat' dir='ltr'><strong>cavendo</strong></span> 
     </span>
     <span class='ocr_line' id='line_1_48' title="bbox 362 3569 2645 3642; baseline -0.003 -19"><span class='ocrx_word' id='word_1_431' title='bbox 362 3574 430 3636; x_wconf 74' lang='lat' dir='ltr'><strong>in</strong></span> <span class='ocrx_word' id='word_1_432' title='bbox 461 3574 808 3633; x_wconf 83' lang='lat' dir='ltr'><strong>cibis-certis</strong></span> <span class='ocrx_word' id='word_1_433' title='bbox 836 3572 1272 3626; x_wconf 85' lang='lat' dir='ltr'><strong>immunditiem</strong></span> <span class='ocrx_word' id='word_1_434' title='bbox 1292 3601 1328 3636; x_wconf 71' lang='lat'><strong>,›</strong></span> <span class='ocrx_word' id='word_1_435' title='bbox 1347 3571 1484 3640; x_wconf 80' lang='lat' dir='ltr'><strong>quia</strong></span> <span class='ocrx_word' id='word_1_436' title='bbox 1511 3569 2383 3642; x_wconf 74' lang='lat' dir='ltr'><strong>nullummundum-attingere</strong></span> <span class='ocrx_word' id='word_1_437' title='bbox 2411 3578 2645 3636; x_wconf 84' lang='lat' dir='ltr'><strong>queant.</strong></span> 
     </span>
     <span class='ocr_line' id='line_1_49' title="bbox 364 3634 2642 3709; baseline -0.003 -16"><span class='ocrx_word' id='word_1_438' title='bbox 364 3641 486 3693; x_wconf 83' lang='lat' dir='ltr'><strong>Cur</strong></span> <span class='ocrx_word' id='word_1_439' title='bbox 512 3634 716 3693; x_wconf 69' lang='lat' dir='ltr'><strong>istud?</strong></span> <span class='ocrx_word' id='word_1_440' title='bbox 749 3639 970 3709; x_wconf 80' lang='lat' dir='ltr'><strong>polluti</strong></span> <span class='ocrx_word' id='word_1_441' title='bbox 1001 3640 1154 3693; x_wconf 82' lang='lat' dir='ltr'><strong>enirn</strong></span> <span class='ocrx_word' id='word_1_442' title='bbox 1185 3653 1355 3692; x_wconf 79' lang='lat' dir='ltr'><strong>sunt:</strong></span> <span class='ocrx_word' id='word_1_443' title='bbox 1405 3640 1543 3696; x_wconf 78' lang='lat' dir='ltr'><strong>ideo</strong></span> <span class='ocrx_word' id='word_1_444' title='bbox 1576 3640 1698 3690; x_wconf 87' lang='lat' dir='ltr'><strong>solo</strong></span> <span class='ocrx_word' id='word_1_445' title='bbox 1726 3637 1996 3705; x_wconf 85' lang='lat' dir='ltr'><strong>ipsorum</strong></span> <span class='ocrx_word' id='word_1_446' title='bbox 2024 3647 2284 3705; x_wconf 79' lang='lat' dir='ltr'><strong>attactu,</strong></span> <span class='ocrx_word' id='word_1_447' title='bbox 2328 3653 2476 3704; x_wconf 84' lang='lat' dir='ltr'><strong>qaae</strong></span> <span class='ocrx_word' id='word_1_448' title='bbox 2502 3637 2642 3688; x_wconf 84' lang='lat' dir='ltr'><strong>alio·</strong></span> 
     </span>
     <span class='ocr_line' id='line_1_50' title="bbox 365 3705 2646 3779; baseline -0.002 -17"><span class='ocrx_word' id='word_1_449' title='bbox 365 3710 470 3779; x_wconf 83' lang='lat' dir='ltr'><strong>qui</strong></span> <span class='ocrx_word' id='word_1_450' title='bbox 511 3727 661 3775; x_wconf 84' lang='lat' dir='ltr'><strong>pura</strong></span> <span class='ocrx_word' id='word_1_451' title='bbox 697 3720 869 3762; x_wconf 89' lang='lat' dir='ltr'><strong>erant</strong></span> <span class='ocrx_word' id='word_1_452' title='bbox 888 3748 904 3776; x_wconf 93' lang='lat'><strong>,</strong></span> <span class='ocrx_word' id='word_1_453' title='bbox 952 3708 1356 3777; x_wconf 84' lang='lat' dir='ltr'><strong>inquinantur.</strong></span> <span class='ocrx_word' id='word_1_454' title='bbox 1441 3710 1622 3759; x_wconf 83' lang='lat' dir='ltr'><strong>Porro</strong></span> <span class='ocrx_word' id='word_1_455' title='bbox 1649 3708 1921 3774; x_wconf 78' lang='lat' dir='ltr'><strong>infideles</strong></span> <span class='ocrx_word' id='word_1_456' title='bbox 1945 3723 2068 3759; x_wconf 88' lang='lat' dir='ltr'><strong>non</strong></span> <span class='ocrx_word' id='word_1_457' title='bbox 2095 3705 2370 3774; x_wconf 83' lang='lat' dir='ltr'><strong>adiungit</strong></span> <span class='ocrx_word' id='word_1_458' title='bbox 2393 3705 2646 3774; x_wconf 78' lang='lat' dir='ltr'><strong>impuris</strong></span> 
     </span>
     <span class='ocr_line' id='line_1_51' title="bbox 364 3773 2645 3849; baseline -0.002 -19"><span class='ocrx_word' id='word_1_459' title='bbox 364 3778 527 3849; x_wconf 83' lang='lat' dir='ltr'><strong>quasi</strong></span> <span class='ocrx_word' id='word_1_460' title='bbox 566 3778 864 3845; x_wconf 79' lang='lat' dir='ltr'><strong>diversos,</strong></span> <span class='ocrx_word' id='word_1_461' title='bbox 915 3778 1030 3840; x_wconf 67' lang='lat' dir='ltr'><strong>sed„</strong></span> <span class='ocrx_word' id='word_1_462' title='bbox 1053 3776 1358 3845; x_wconf 79' lang='lat' dir='ltr'><strong>exegetica</strong></span> <span class='ocrx_word' id='word_1_463' title='bbox 1399 3787 1489 3826; x_wconf 90' lang='lat' dir='ltr'><strong>est</strong></span> <span class='ocrx_word' id='word_1_464' title='bbox 1528 3775 1776 3828; x_wconf 85' lang='lat' dir='ltr'><strong>additio.</strong></span> <span class='ocrx_word' id='word_1_465' title='bbox 1849 3774 2001 3843; x_wconf 88' lang='lat' dir='ltr'><strong>Quia</strong></span> <span class='ocrx_word' id='word_1_466' title='bbox 2032 3773 2395 3830; x_wconf 53' lang='lat' dir='ltr'><strong>enim‘nnlla</strong></span> <span class='ocrx_word' id='word_1_467' title='bbox 2425 3783 2519 3826; x_wconf 90' lang='lat' dir='ltr'><strong>est</strong></span> <span class='ocrx_word' id='word_1_468' title='bbox 2545 3791 2645 3826; x_wconf 87' lang='lat' dir='ltr'><strong>co-</strong></span> 
     </span>
     <span class='ocr_line' id='line_1_52' title="bbox 362 3842 2647 3915; baseline -0.003 -15"><span class='ocrx_word' id='word_1_469' title='bbox 362 3864 495 3901; x_wconf 88' lang='lat' dir='ltr'><strong>ram</strong></span> <span class='ocrx_word' id='word_1_470' title='bbox 520 3847 650 3898; x_wconf 86' lang='lat' dir='ltr'><strong>Deo</strong></span> <span class='ocrx_word' id='word_1_471' title='bbox 679 3864 856 3915; x_wconf 86' lang='lat' dir='ltr'><strong>quam</strong></span> <span class='ocrx_word' id='word_1_472' title='bbox 881 3845 1020 3908; x_wconf 81' lang='lat' dir='ltr'><strong>fidei</strong></span> <span class='ocrx_word' id='word_1_473' title='bbox 1049 3848 1274 3914; x_wconf 83' lang='lat' dir='ltr'><strong>puritas</strong></span> <span class='ocrx_word' id='word_1_474' title='bbox 1292 3880 1309 3911; x_wconf 95' lang='lat'><strong>,</strong></span> <span class='ocrx_word' id='word_1_475' title='bbox 1358 3842 1664 3913; x_wconf 83' lang='lat' dir='ltr'><strong>sequitur,</strong></span> <span class='ocrx_word' id='word_1_476' title='bbox 1699 3843 1987 3898; x_wconf 79' lang='lat' dir='ltr'><strong>infideles</strong></span> <span class='ocrx_word' id='word_1_477' title='bbox 2005 3860 2208 3896; x_wconf 87' lang='lat' dir='ltr'><strong>omnes</strong></span> <span class='ocrx_word' id='word_1_478' title='bbox 2239 3860 2368 3895; x_wconf 83' lang='lat' dir='ltr'><strong>esse</strong></span> <span class='ocrx_word' id='word_1_479' title='bbox 2389 3843 2647 3895; x_wconf 85' lang='lat' dir='ltr'><strong>immun·</strong></span> 
     </span>
     <span class='ocr_line' id='line_1_53' title="bbox 364 3901 2645 3986; baseline -0.003 -18"><span class='ocrx_word' id='word_1_480' title='bbox 364 3918 494 3969; x_wconf 84' lang='lat' dir='ltr'><strong>dos.</strong></span> <span class='ocrx_word' id='word_1_481' title='bbox 576 3915 773 3984; x_wconf 79' lang='lat' dir='ltr'><strong>Quare</strong></span> <span class='ocrx_word' id='word_1_482' title='bbox 812 3901 991 3986; x_wconf 43' lang='lat' dir='ltr'><strong>nulli&amp;</strong></span> <span class='ocrx_word' id='word_1_483' title='bbox 1029 3916 1258 3984; x_wconf 78' lang='lat' dir='ltr'><strong>legibus</strong></span> <span class='ocrx_word' id='word_1_484' title='bbox 1303 3913 1395 3965; x_wconf 88' lang='lat' dir='ltr'><strong>vel</strong></span> <span class='ocrx_word' id='word_1_485' title='bbox 1438 3913 1666 3981; x_wconf 86' lang='lat' dir='ltr'><strong>regulis</strong></span> <span class='ocrx_word' id='word_1_486' title='bbox 1711 3912 2101 3975; x_wconf 84' lang='lat' dir='ltr'><strong>obtinebunt,</strong></span> <span class='ocrx_word' id='word_1_487' title='bbox 2154 3929 2332 3979; x_wconf 87' lang='lat' dir='ltr'><strong>quam</strong></span> <span class='ocrx_word' id='word_1_488' title='bbox 2377 3921 2645 3979; x_wconf 84' lang='lat' dir='ltr'><strong>captant,</strong></span> 
     </span>
     <span class='ocr_line' id='line_1_54' title="bbox 361 3980 2646 4053; baseline -0.002 -16"><span class='ocrx_word' id='word_1_489' title='bbox 361 3982 747 4048; x_wconf 77' lang='lat' dir='ltr'><strong>munditiem,</strong></span> <span class='ocrx_word' id='word_1_490' title='bbox 783 3984 1203 4053; x_wconf 48' lang='lat' dir='ltr'><strong>¹quiass‘quum</strong></span> <span class='ocrx_word' id='word_1_491' title='bbox 1240 3980 1470 4049; x_wconf 87' lang='lat' dir='ltr'><strong>impuri</strong></span> <span class='ocrx_word' id='word_1_492' title='bbox 1510 3981 1634 4034; x_wconf 88' lang='lat' dir='ltr'><strong>sint</strong></span> <span class='ocrx_word' id='word_1_493' title='bbox 1670 3980 1823 4050; x_wconf 86' lang='lat' dir='ltr'><strong>ipsi,</strong></span> <span class='ocrx_word' id='word_1_494' title='bbox 1870 3980 2024 4033; x_wconf 87' lang='lat' dir='ltr'><strong>nihil</strong></span> <span class='ocrx_word' id='word_1_495' title='bbox 2051 3981 2170 4033; x_wconf 78' lang='lat' dir='ltr'><strong>sibi</strong></span> <span class='ocrx_word' id='word_1_496' title='bbox 2195 3981 2263 4050; x_wconf 57' lang='lat' dir='ltr'><strong>inr</strong></span> <span class='ocrx_word' id='word_1_497' title='bbox 2288 3981 2510 4044; x_wconf 83' lang='lat' dir='ltr'><strong>mundo</strong></span> <span class='ocrx_word' id='word_1_498' title='bbox 2543 3997 2646 4046; x_wconf 87' lang='lat' dir='ltr'><strong>pu—</strong></span> 
     </span>
     <span class='ocr_line' id='line_1_55' title="bbox 361 4049 2650 4121; baseline -0.003 -14"><span class='ocrx_word' id='word_1_499' title='bbox 361 4071 494 4107; x_wconf 89' lang='lat' dir='ltr'><strong>rum</strong></span> <span class='ocrx_word' id='word_1_500' title='bbox 523 4050 851 4120; x_wconf 83' lang='lat' dir='ltr'><strong>reperient.</strong></span> <span class='ocrx_word' id='word_1_501' title='bbox 1000 4053 1108 4103; x_wconf 78' lang='lat' dir='ltr'><strong>Sed</strong></span> <span class='ocrx_word' id='word_1_502' title='bbox 1136 4053 1485 4121; x_wconf 63' lang='lat' dir='ltr'><strong>inquinatae</strong></span> <span class='ocrx_word' id='word_1_503' title='bbox 1511 4064 1665 4104; x_wconf 67' lang='lat' dir='ltr'><strong>sunt..</strong></span> <span class='ocrx_word' id='word_1_504' title='bbox 1748 4053 2000 4102; x_wconf 82' lang='lat' dir='ltr'><strong>Fontem</strong></span> <span class='ocrx_word' id='word_1_505' title='bbox 2029 4049 2312 4114; x_wconf 84' lang='lat' dir='ltr'><strong>ostendit,</strong></span> <span class='ocrx_word' id='word_1_506' title='bbox 2347 4049 2650 4101; x_wconf 83' lang='lat' dir='ltr'><strong>undema-</strong></span> 
     </span>
     <span class='ocr_line' id='line_1_56' title="bbox 362 4116 2651 4189; baseline -0.003 -15"><span class='ocrx_word' id='word_1_507' title='bbox 362 4130 514 4173; x_wconf 87' lang='lat' dir='ltr'><strong>nant</strong></span> <span class='ocrx_word' id='word_1_508' title='bbox 544 4133 748 4171; x_wconf 84' lang='lat' dir='ltr'><strong>omnes</strong></span> <span class='ocrx_word' id='word_1_509' title='bbox 772 4120 992 4186; x_wconf 80' lang='lat' dir='ltr'><strong>sordes,</strong></span> <span class='ocrx_word' id='word_1_510' title='bbox 1028 4136 1176 4189; x_wconf 87' lang='lat' dir='ltr'><strong>quae</strong></span> <span class='ocrx_word' id='word_1_511' title='bbox 1204 4137 1315 4189; x_wconf 88' lang='lat' dir='ltr'><strong>per</strong></span> <span class='ocrx_word' id='word_1_512' title='bbox 1342 4128 1532 4189; x_wconf 87' lang='lat' dir='ltr'><strong>totam</strong></span> <span class='ocrx_word' id='word_1_513' title='bbox 1557 4116 1819 4170; x_wconf 81' lang='lat' dir='ltr'><strong>hominis</strong></span> <span class='ocrx_word' id='word_1_514' title='bbox 1852 4118 2041 4170; x_wconf 84' lang='lat' dir='ltr'><strong>vitam</strong></span> <span class='ocrx_word' id='word_1_515' title='bbox 2068 4127 2447 4188; x_wconf 80' lang='lat' dir='ltr'><strong>sparguntur.</strong></span> <span class='ocrx_word' id='word_1_516' title='bbox 2519 4116 2651 4169; x_wconf 91' lang='lat' dir='ltr'><strong>Nisi</strong></span> 
     </span>
     <span class='ocr_line' id='line_1_57' title="bbox 364 4185 2648 4258; baseline -0.002 -17"><span class='ocrx_word' id='word_1_517' title='bbox 364 4189 522 4242; x_wconf 89' lang='lat' dir='ltr'><strong>enim</strong></span> <span class='ocrx_word' id='word_1_518' title='bbox 570 4205 674 4240; x_wconf 84' lang='lat' dir='ltr'><strong>cor</strong></span> <span class='ocrx_word' id='word_1_519' title='bbox 707 4189 861 4242; x_wconf 78' lang='lat' dir='ltr'><strong>bene</strong></span> <span class='ocrx_word' id='word_1_520' title='bbox 898 4198 1218 4258; x_wconf 84' lang='lat' dir='ltr'><strong>purgatum</strong></span> <span class='ocrx_word' id='word_1_521' title='bbox 1257 4189 1368 4253; x_wconf 89' lang='lat' dir='ltr'><strong>sit,</strong></span> <span class='ocrx_word' id='word_1_522' title='bbox 1428 4186 1669 4239; x_wconf 86' lang='lat' dir='ltr'><strong>etiamsi</strong></span> <span class='ocrx_word' id='word_1_523' title='bbox 1705 4186 1962 4239; x_wconf 85' lang='lat' dir='ltr'><strong>maxime</strong></span> <span class='ocrx_word' id='word_1_524' title='bbox 2001 4187 2282 4254; x_wconf 78' lang='lat' dir='ltr'><strong>fulgeant</strong></span> <span class='ocrx_word' id='word_1_525' title='bbox 2325 4194 2387 4239; x_wconf 91' lang='lat' dir='ltr'><strong>et</strong></span> <span class='ocrx_word' id='word_1_526' title='bbox 2431 4185 2648 4255; x_wconf 86' lang='lat' dir='ltr'><strong>optimi</strong></span> 
     </span>
     <span class='ocr_line' id='line_1_58' title="bbox 362 4255 2651 4328; baseline -0.002 -18"><span class='ocrx_word' id='word_1_527' title='bbox 362 4257 706 4328; x_wconf 86' lang='lat' dir='ltr'><strong>sintodoris</strong></span> <span class='ocrx_word' id='word_1_528' title='bbox 739 4273 1150 4325; x_wconf 78' lang='lat' dir='ltr'><strong>operacoram</strong></span> <span class='ocrx_word' id='word_1_529' title='bbox 1176 4256 1555 4309; x_wconf 82' lang='lat' dir='ltr'><strong>hominibus:</strong></span> <span class='ocrx_word' id='word_1_530' title='bbox 1591 4265 1792 4308; x_wconf 87' lang='lat' dir='ltr'><strong>tamen</strong></span> <span class='ocrx_word' id='word_1_531' title='bbox 1823 4255 1979 4327; x_wconf 86' lang='lat' dir='ltr'><strong>apud</strong></span> <span class='ocrx_word' id='word_1_532' title='bbox 1996 4257 2191 4309; x_wconf 87' lang='lat' dir='ltr'><strong>Deum</strong></span> <span class='ocrx_word' id='word_1_533' title='bbox 2220 4255 2520 4308; x_wconf 84' lang='lat' dir='ltr'><strong>foeditate</strong></span> <span class='ocrx_word' id='word_1_534' title='bbox 2543 4272 2651 4307; x_wconf 84' lang='lat' dir='ltr'><strong>sua</strong></span> 
     </span>
     <span class='ocr_line' id='line_1_59' title="bbox 354 4323 2651 4395; baseline -0.001 -17"><span class='ocrx_word' id='word_1_535' title='bbox 354 4338 422 4378; x_wconf 64' lang='lat' dir='ltr'><strong>‘et</strong></span> <span class='ocrx_word' id='word_1_536' title='bbox 451 4323 682 4382; x_wconf 78' lang='lat' dir='ltr'><strong>foetore</strong></span> <span class='ocrx_word' id='word_1_537' title='bbox 711 4342 992 4380; x_wconf 85' lang='lat' dir='ltr'><strong>nauseam</strong></span> <span class='ocrx_word' id='word_1_538' title='bbox 1018 4326 1437 4395; x_wconf 80' lang='lat' dir='ltr'><strong>provocabunt.</strong></span> <span class='ocrx_word' id='word_1_539' title='bbox 1466 4375 1467 4380; x_wconf 72' lang='grc'>,</span> <span class='ocrx_word' id='word_1_540' title='bbox 1507 4325 1798 4377; x_wconf 78' lang='lat' dir='ltr'><strong>Dominus</strong></span> <span class='ocrx_word' id='word_1_541' title='bbox 1828 4325 1987 4376; x_wconf 89' lang='lat' dir='ltr'><strong>enim</strong></span> <span class='ocrx_word' id='word_1_542' title='bbox 2015 4341 2114 4376; x_wconf 86' lang='lat' dir='ltr'><strong>cor</strong></span> <span class='ocrx_word' id='word_1_543' title='bbox 2144 4325 2445 4392; x_wconf 82' lang='lat' dir='ltr'><strong>intuetur,</strong></span> <span class='ocrx_word' id='word_1_544' title='bbox 2482 4327 2533 4375; x_wconf 91' lang='lat'><strong>1.</strong></span> <span class='ocrx_word' id='word_1_545' title='bbox 2551 4325 2651 4377; x_wconf 87' lang='lat' dir='ltr'><strong>Sa·</strong></span> 
     </span>
     <span class='ocr_line' id='line_1_60' title="bbox 361 4392 2650 4463; baseline -0.002 -15"><span class='ocrx_word' id='word_1_546' title='bbox 361 4395 683 4460; x_wconf 80' lang='lat' dir='ltr'><strong>maelis·16;</strong></span> <span class='ocrx_word' id='word_1_547' title='bbox 711 4394 759 4447; x_wconf 87' lang='lat'><strong>7.</strong></span> <span class='ocrx_word' id='word_1_548' title='bbox 788 4404 849 4446; x_wconf 90' lang='lat' dir='ltr'><strong>et</strong></span> <span class='ocrx_word' id='word_1_549' title='bbox 875 4395 1057 4458; x_wconf 79' lang='lat' dir='ltr'><strong>Oculi</strong></span> <span class='ocrx_word' id='word_1_550' title='bbox 1083 4393 1206 4446; x_wconf 85' lang='lat' dir='ltr'><strong>eius</strong></span> <span class='ocrx_word' id='word_1_551' title='bbox 1234 4393 1551 4447; x_wconf 80' lang='lat' dir='ltr'><strong>veritatem</strong></span> <span class='ocrx_word' id='word_1_552' title='bbox 1582 4393 1932 4463; x_wconf 85' lang='lat' dir='ltr'><strong>respiciunt,</strong></span> <span class='ocrx_word' id='word_1_553' title='bbox 1966 4392 2260 4447; x_wconf 78' lang='lat' dir='ltr'><strong>Ieremias</strong></span> <span class='ocrx_word' id='word_1_554' title='bbox 2287 4393 2341 4460; x_wconf 83' lang='lat'><strong>5,</strong></span> <span class='ocrx_word' id='word_1_555' title='bbox 2361 4392 2414 4448; x_wconf 81' lang='lat'><strong>3.</strong></span> <span class='ocrx_word' id='word_1_556' title='bbox 2456 4403 2457 4410; x_wconf 77' lang='grc'>’</span> <span class='ocrx_word' id='word_1_557' title='bbox 2487 4393 2650 4447; x_wconf 87' lang='lat' dir='ltr'><strong>Unde</strong></span> 
     </span>
     <span class='ocr_line' id='line_1_61' title="bbox 1171 4473 1182 4494; baseline 0 0"><span class='ocrx_word' id='word_1_558' title='bbox 1171 4473 1182 4494; x_wconf 59' lang='grc' dir='ltr'><strong><em>β</em></strong></span> 
     </span>
    </p>
   </div>
   <div class='ocr_carea' id='block_1_5' title="bbox 839 4529 848 4552">
    <p class='ocr_par' dir='ltr' id='par_1_5' title="bbox 839 4529 848 4552">
     <span class='ocr_line' id='line_1_62' title="bbox 839 4529 848 4552; baseline 0 0"><span class='ocrx_word' id='word_1_559' title='bbox 839 4529 848 4552; x_wconf 71' lang='lat' dir='ltr'><strong>f</strong></span> 
     </span>
    </p>
   </div>
  </div>
 </body>
</html>
