2820 4895
382 184 589 314 170⁵*
896 238 1008 306 IN
1073 236 1698 318 EPISTOLAE
1766 237 2098 310 PAULI

375 425 529 465 nem.
596 409 745 465 ‘Non
772 405 922 463 mihi
948 405 1015 461 in
1040 414 1236 463 totum
1264 405 1546 475 displicet
1573 403 1982 476 nhryson'omi
1991 409 2469 479 interpretatio,
2501 412 2665 483 quod

373 480 542 535 Deus
578 478 831 533 eximios
872 476 1198 538 reddiderit
1233 476 1826 544 Thessalonicenses,
1881 494 2209 548 eorumque
2247 481 2665 536 excellentiam

348 537 815 618 =comprobarit.
869 562 1202 616 quanquam
1232 546 1365 627 plus
1394 546 1668 615 quiddam
1697 545 2032 616 exprimere
2057 548 2247 601 voluit
2277 549 2509 604 Paulus.
2560 567 2663 603 eo-

373 634 519 673 rnm
549 619 708 670 enim
737 614 1119 670 vocationem
1145 616 1431 683 attingite
1483 615 1545 666 in
1571 629 1686 734 Ἡιι
1714 617 1995 684 quoniam
2025 635 2143 669 non
2171 618 2445 686 vulgares
2477 618 2665 674 virtu÷
2691 631 2704 636 ’Χ

372 686 455 741 tis
479 684 599 740 Dei
628 695 809 739 notae
837 692 1267 753 apparuerant,
1304 683 1446 735 inde
1487 684 1582 736 eol
1615 682 1724 750 ‘git
1760 682 1948 737 fuisse
1985 686 2377 752 peculiariter
2415 695 2665 740 vocatos

375 771 517 810 oum
558 765 773 810 certae,
800 752 1121 808 electionis
1155 747 1528 803 testimonio.
1611 754 1763 804 Nam
1785 753 1939 805 ratio
1970 770 2108 807 mox
2136 756 2408 824 sequitur
2428 793 2443 822 ,
2497 756 2664 825 quod

371 840 496 880 non
522 822 643 876 illis
668 822 832 876 nuda
854 830 1088 875 tantum
1120 819 1299 871 allata
1329 829 1486 876 esset
1514 822 1899 890 praedicatio,
1933 821 2038 875 sed
2066 839 2203 875 cnm
2227 823 2504 876 efficacia
2524 826 2660 894 Spi-

370 893 530 949 ritus
556 891 746 945 saneti
778 889 1133 946 coniunctas
1168 899 1235 942 ut
1263 888 1511 942 solidam
1543 906 1574 941 a
1622 890 1696 942 ud
1726 905 1825 941 eos
1847 890 2023 945 fidem
2053 893 2375 945 obtineret.
2456 894 2661 963 Quum

357 963 520 1017 dicit
548 963 622 1013 In
648 961 911 1028 potentia
941 972 996 1011 et
1028 959 1249 1038 Spiritu
1276 973 1524 1010 sancto:
1571 907 1689 1011 goe
1711 959 1993 1027 perinde,
2027 977 2160 1014 meo
2192 961 2416 1013 iudicio
2436 1000 2454 1022 ‚
2494 961 2664 1016 valet

370 1041 558 1102 utque
585 1034 655 1083 ln
680 1027 952 1098 potentia
975 1026 1236 1096 Spiritus
1258 1027 1453 1079 sancti
1472 1045 1489 1079 ε
1540 1037 1606 1079 ut
1635 1028 1934 1097 posterius
1963 1030 2033 1080 ad
2065 1030 2277 1098 prioris
2303 1031 2661 1094 declaratio·

369 1116 513 1166 nem
545 1101 617 1152 sit
643 1097 925 1151 additum.
1014 1096 1342 1160 eet-titudo,
1391 1109 1568 1165 quam
1593 1096 1774 1148 tertio
1803 1097 2170 1167 loeo⁸p0nit‚
2208 1100 2300 1151 vel
2329 1097 2486 1164 inre
2514 1100 2659 1169 fuit,

368 1169 474 1222 vel
497 1170 560 1221 in
585 1164 1208 1220 ‘thessalonicensium
1238 1165 1475 1217 affeetu.
1562 1165 1687 1236 Ego
1714 1166 1903 1237 magis
1930 1168 2125 1220 notari
2155 1178 2296 1238 puto
2316 1203 2334 1233 ,
2375 1169 2533 1237 quod
2565 1185 2663 1221 so-

366 1237 512 1292 lidis
552 1236 921 1306 argumentis
960 1233 1255 1286 sancitum
1295 1233 1482 1286 fuerit
1510 1233 1638 1286 illic
1669 1235 1835 1286 Pauli
1866 1237 2286 1305 Evangeliume
2325 1251 2392 1287 ac
2418 1238 2662 1291 si1Deus

350 1309 410 1360 ‘e
436 1306 610 1360 coelo
644 1304 982 1356 ostenderet
1004 1311 1201 1361 ratam,
1221 1301 1333 1353 sibi
1363 1318 1488 1353 esse
1516 1320 1720 1362 eorum
1743 1304 2139 1363 vocationem»
2226 1307 2422 1376 Quum
2455 1315 2664 1360 autem
2709 1365 2718 1376 ἱ

365 1374 594 1429 Paulus
631 1374 696 1425 in
735 1371 997 1425 medium
1036 1380 1390 1441 argumenta
1426 1372 1683 1438 profert,
1720 1373 1931 1443 quibus
1960 1374 2309 1426 electionem
2340 1371 2664 1428 Thessalo-

369 1443 713 1499 nicensium
751 1455 996 1510 prorsus
1035 1438 1287 1491 divinam
1336 1456 1463 1490 esse
1503 1441 1727 1492 certior
1754 1442 1948 1494 factus
1977 1453 2138 1496 erat:
2193 1443 2305 1497 hac
2336 1443 2662 1496 occasione

371 1513 555 1567 simul
583 1510 958 1564 commendat
986 1524 1157 1560 suum
1183 1506 1588 1564 ministerium
1610 1546 1626 1577 ,
1661 1520 1729 1561 ut
1759 1511 1869 1577 ipsi
1900 1528 2137 1581 quoque
2162 1522 2488 1580 agnoscant
2516 1528 2664 1567 eum

312 1603 319 1609 ’
370 1591 436 1635 et
463 1581 729 1648 collegas
759 1578 1035 1630 divinitus
1064 1576 1246 1631 fuisse
1276 1576 1587 1630 excitatos.
1660 1578 1917 1649 Quidam
1944 1581 2048 1633 sub
2080 1582 2385 1633 Potentiae
2410 1577 2663 1634 nomine

369 1647 667 1716 miracula
695 1647 1072 1714 intelligunt.
1155 1647 1281 1712 Ego
1311 1646 1486 1699 latius
1515 1649 1801 1714 extendo,
1846 1649 1918 1700 ad
1944 1649 2318 1718 spiritualem
2345 1649 2662 1704 doctrinae

372 1719 698 1786 energiam.
783 1718 933 1769 Nam
959 1725 1027 1767 ut
1052 1714 1115 1767 in
1144 1715 1344 1783 priore
1371 1715 1443 1766 ad
1470 1715 1820 1768 Corinthios
1848 1717 2096 1786 epistola
2126 1719 2436 1771 habuimus
2454 1743 2492 1786 ,a
2520 1735 2661 1772 eam

370 1786 637 1856 sermoni
668 1783 886 1837 Paulus
913 1783 1193 1852 opponit}
1238 1795 1521 1851 tanquam
1549 1786 1734 1837 vivam
1764 1786 1874 1838 Dei
1906 1803 2111 1840 vocem
2129 1826 2145 1850 ,
2186 1796 2246 1839 et
2272 1801 2411 1840 cum
2439 1787 2664 1843 effectu

371 1856 789 1920 coniunctam,
827 1853 992 1905 inani
1029 1862 1090 1906 et
1128 1860 1399 1904 mortuae
1435 1852 1735 1907 hominum
1777 1855 2112 1908 facundiae.
2187 1856 2526 1908 Notandum
2553 1873 2663 1908 au-

369 1935 501 1977 tem
529 1933 651 1985 est,
702 1921 1061 1976 electionem
1088 1920 1234 1987 Dei,
1283 1937 1434 1990 quae
1462 1939 1568 1990 per
1596 1939 1658 1973 se
1687 1924 2029 1977 abscondita
2059 1934 2179 1990 est,
2226 1926 2349 1977 suis
2374 1926 2526 1978 notis
2554 1941 2661 1995 pa-

328 2053 345 2062 ᾖ
367 1994 603 2059 tefieri,
640 1991 778 2045 dum
811 2007 950 2045 oves
978 1991 1238 2058 perditas
1265 1990 1337 2043 ad
1367 2007 1431 2042 se
1460 1989 1731 2060 colligit,
1762 1999 1820 2044 et
1851 1994 2020 2064 gregi
2050 2001 2156 2046 suo
2179 1995 2480 2048 coadunat
2499 2030 2517 2059 ,
2557 2010 2665 2046 va-

368 2065 582 2132 gisque
610 2070 671 2113 et
704 2061 916 2112 alienis
937 2065 1177 2134 manum
1203 2056 1483 2128 porrigit.
1534 2069 1719 2128 quare
1746 2060 1882 2112 hinc
1912 2065 2168 2130 petenda
2201 2063 2516 2116 electionis
2545 2080 2662 2115 no·-

367 2131 512 2185 titia
552 2139 663 2183 est.
745 2130 1059 2182 Caeterum
1089 2138 1153 2180 ut
1182 2143 1463 2180 arcanum
1491 2129 1606 2182 Dei
1635 2128 1954 2196 consilium
1981 2132 2356 2188 vocationem
2389 2132 2513 2184 eius
2550 2148 2659 2186 ne,-

368 2197 738 2271 gligentibus
775 2196 1150 2266 labyrinthus
1185 2205 1309 2249 este
1362 2196 1450 2249 ita
1475 2213 1752 2268 perverse
1775 2197 2047 2266 faciunt,
2096 2201 2197 2270 qui
2228 2200 2366 2253 fidei
2393 2210 2452 2255 et
2480 2216 2663 2254 voca·

367 2268 553 2323 tionis
588 2274 908 2336 praetextu
951 2265 1273 2318 obscurant
1308 2264 1564 2333 primam
1590 2265 1757 2320 illam
1784 2270 2071 2335 gratiam,
2116 2268 2268 2322 unde
2293 2277 2495 2322 manat
2523 2268 2665 2338 ipsa.

367 2337 539 2391 fides.
606 2336 778 2399 Fide,
810 2334 1123 2407 inquiunt,
1167 2335 1419 2387 salutem
1445 2327 1897 2414 consequimurz
1936 2354 2083 2408 ergo
2106 2339 2272 2391 nulla
2289 2349 2387 2404 ‘est
2413 2348 2661 2392 aeterna

365 2407 488 2461 Dei
518 2403 1003 2473 praedestinatio,
1043 2419 1193 2473 quae
1219 2418 1330 2456 nos
1359 2419 1392 2455 a
1418 2404 1694 2472 reprobis
1719 2404 2039 2461 discernat.
2107 2407 2364 2462 Perinde
2387 2406 2533 2475 acsi
2565 2407 2661 2460 di-

371 2483 572 2528 ceret:
610 2474 701 2526 Ex
725 2474 843 2526 fide
870 2483 960 2533 est
985 2473 1160 2538 salus,
1199 2487 1344 2541 ergo
1372 2473 1538 2525 nulla
1566 2482 1653 2525 est
1678 2476 1794 2526 Dei
1820 2478 2009 2544 gratia
2029 2514 2047 2542 ,
2084 2493 2231 2546 quae
2256 2493 2363 2530 nos
2388 2476 2450 2528 in
2474 2475 2663 2532 fidem.

313 2572 317 2577 ·
367 2543 698 2598 illuminet.
767 2542 924 2612 Quin
950 2542 1156 2609 potius
1175 2580 1190 2602 ,
1231 2551 1297 2595 ut
1326 2541 1616 2609 coniungi
1645 2543 1858 2596 electio
1886 2544 2145 2616 gratuita
2175 2562 2311 2598 eum
2337 2546 2658 2599 vocatione

368 2613 586 2679 debet,
620 2620 1066 2680 tanqu-ameum
1093 2626 1202 2663 suo
1233 2609 1486 2663 effectu:
1533 2610 1622 2662 ita
1648 2612 1970 2679 primatum
1997 2612 2241 2667 interim
2270 2615 2530 2668 retineat
2551 2633 2661 2667 ne·

366 2698 535 2735 cesse
572 2689 681 2734 est.
725 2715 732 2724 -
767 2680 1128 2733 Particulam
1170 2673 1282 2732 ὑπό
1324 2681 1736 2747 coniungasne
1779 2698 1916 2734 cum
1952 2683 2269 2753 participio
2305 2681 2534 2738 Dilecti
2575 2700 2659 2739 an

373 2767 511 2813 cuni
537 2747 777 2802 nornine
806 2748 1135 2802 Electionis
1151 2786 1172 2815 ,
1213 2763 1427 2817 parum
1453 2747 1702 2801 interest
1726 2750 1922 2820 quoad
1947 2767 2207 2804 sensum.
2400 2739 2408 2760 ⁸

366 2852 374 2860 ·
428 2850 432 2855 ·
507 2832 561 2891 6.
654 2818 1139 2913 Quemadmodum
1175 2834 1365 2883 nostis
1404 2841 1520 2885 ete.
1597 2832 1795 2884 'Nunc
1822 2820 2045 2888 'Paulus
2080 2834 2239 2903 agit,
2297 2835 2452 2903 quod
2487 2833 2652 2905 prius

362 2901 524 2972 dixi,
574 2910 641 2955 ut
666 2902 879 2955 iisdem
904 2899 1147 2954 adducti
1173 2900 1505 2954 rationibus
1534 2899 2095 2956 Thessalonicenses
2129 2918 2247 2954 non
2281 2904 2556 2957 dubitent
2587 2923 2653 2958 se

369 2990 407 3024 a
434 2973 562 3025 Deo
589 2972 811 3023 eleetos
841 2986 982 3025 esse.
1053 2971 1205 3022 Nam
1228 2969 1340 3021 hoc
1371 2969 1567 3023 fuerat
1597 2970 1709 3021 Dei
1737 2971 2059 3025 consilium
2092 2970 2153 3022 in
2188 2972 2452 3025 ornando
2483 2972 2655 3027 Pauli

316 3082 321 3093 ,
366 3040 731 3104 ministerio,
770 3048 834 3091 ut
860 3039 1233 3091 manifestam
1258 3039 1385 3109 illis⁸
1410 3040 1640 3091 faceret
1664 3053 1831 3093 suam
1858 3040 2255 3108 adoptionem.
2330 3042 2468 3094 Ideo
2496 3052 2661 3112 post·

250 3113 265 3121 “
366 3124 367 3127 ’
416 3125 550 3162 uam
578 3108 732 3160 dixit
756 3107 891 3159 illos
919 3108 1075 3159 scire
1145 3108 1302 3159 uales
1332 3107 1623 3177 fuissent,
1663 3109 1947 3162 continuo
1976 3119 2111 3176 post
2134 3109 2327 3175 addit,
2375 3111 2564 3164 talem
2596 3130 2659 3165 se

403 3178 558 3239 uisse
596 3193 803 3229 eorum
841 3184 1073 3229 causa?
1102 3124 1218 3246 guo
1245 3177 1549 3247 significat
1571 3185 1766 3229 totum
1794 3177 1910 3231 hoe
1936 3177 2122 3230 fuisse
2147 3178 2273 3234 illis
2303 3180 2504 3233 datum
2523 3217 2540 3244 ,
2587 3191 2661 3234 ut

370 3252 535 3302 certo
559 3243 821 3315 persuasi
848 3253 1041 3299 essent
1067 3243 1254 3298 amari
1279 3263 1343 3297 se
1371 3264 1407 3298 a
1431 3248 1597 3311 Deo,
1634 3262 1704 3299 ac
1736 3262 1946 3303 eorum
1974 3247 2192 3300 electio
2220 3257 2387 3302 extra
2413 3244 2660 3304 c'ontro·

369 3316 631 3369 versiam
657 3321 829 3368 esset.

537 3476 599 3538 6.
660 3472 754 3538 Et
790 3490 913 3541 vos
952 3474 1328 3538 imitatores
1367 3474 1585 3536 nostri
1625 3468 1788 3538 facti
1835 3477 1998 3542 estis
2036 3488 2104 3540 et
2134 3474 2451 3554 Domini,
2493 3477 2660 3542 dum

368 3574 754 3626 sermonem
793 3553 1298 3644 amplexi'estis
1334 3561 1406 3620 in
1451 3556 1891 3625 tribulatione
1931 3561 2176 3639 multa,
2221 3565 2661 3644 cum'gaudio

373 3647 672 3732 Spiritus
710 3645 960 3713 sancti:
1055 3645 1114 3706 7.
1174 3640 1275 3704 Ita
1304 3652 1382 3706 ut
1412 3641 1681 3709 fueritis
1709 3645 2462 3731 exemplaria‘omnibus
2498 3667 2660 3711 cre-

356 3729 688 3793 'dentibns
715 3730 787 3805 in
808 3724 1208 3790 Macedonia
1241 3735 1311 3791 et
1325 3723 1596 3790 Achaia.
1680 3729 1741 3793 8.
1787 3728 1847 3793 Δ
1873 3732 2063 3799 vobis
2094 3736 2271 3795 enim
2351 3736 2661 3797 ersonuit

368 3832 600 3878 sermo
629 3810 936 3877 Domini:
991 3832 1117 3876 nec
1149 3814 1225 3876 in
1254 3810 1652 3875 Macedonia
1688 3823 1951 3878 tantum
1993 3820 2159 3880 etin
2191 3819 2286 3880 Ac
2338 3819 2477 3894 aia,
2536 3816 2661 3881 sed

370 3903 575 3963 etiam
614 3900 685 3960 in
727 3899 913 3961 omni
950 3894 1147 3971 loco,
1201 3892 1364 3959 fides
1390 3908 1614 3960 vestra
1643 3902 1912 3979 quaein
1940 3900 2160 3964 Deum
2197 3913 2301 3966 est
2331 3905 2663 3969 manavit:

369 3989 468 4051 ita
493 3982 569 4048 u‘t
598 4002 738 4046 non
770 4001 945 4070 opus
971 3977 1338 4046 habeamus
1369 3983 1729 4066 quicquam
1755 3982 1963 4069 loqui.

505 4119 562 4172 6.
647 4122 725 4171 Et
755 4135 858 4170 vos
895 4118 1240 4172 imitatores.
1319 4117 1399 4171 Ut
1432 4115 1553 4170 illis
1593 4117 1723 4186 plus
1756 4118 2088 4175 alacritatis
2129 4119 2337 4186 addat„
2384 4130 2662 4185 mutuum

345 4230 350 4237 .
372 4203 726 4243 consensum
753 4196 814 4238 et
839 4187 1005 4256 quasi
1036 4185 1414 4238 harmoniam
1438 4187 1748 4253 praedicat
1771 4190 1929 4242 inter
1952 4206 2121 4255 suam
2151 4190 2664 4258 praedicationem

371 4266 435 4310 et
462 4273 673 4310 eorum
708 4256 908 4309 fidem.
981 4254 1110 4309 Nisi
1132 4253 1310 4311 renim
1335 4254 1465 4308 Deo
1504 4257 1903 4326 respondeant
1938 4257 2245 4325 homines,
2293 4260 2491 4312 nullus
2520 4276 2667 4331 pro·

346 4326 569 4381 *fectus
593 4333 874 4394 sequetur
890 4340 969 4376 ex
996 4323 1199 4377 oblata
1224 4322 1442 4390 gratia.
1480 4339 1602 4378 non
1629 4326 1788 4394 quod
1816 4343 1889 4381 ex
1913 4343 1976 4380 se
2004 4325 2147 4395 ipsis
2172 4325 2242 4393 id'
2265 4328 2521 4397 possint,
2559 4329 2665 4383 sed

369 4395 517 4470 quia
547 4396 743 4465 Deus,
772 4435 779 4441 -
804 4401 873 4453 ut
909 4391 1165 4451 alutem
1207 4400 1474 4449 nostram
1510 4391 1762 4451 inchoat
1797 4410 1909 4473 nos
1947 4396 2245 4466 vocando,
2299 4397 2396 4453 ita
2429 4396 2670 4469 perficit
