2820 4895
1505 149 1511 174 0

357 243 499 310 284.
674 249 678 256 '
911 242 1019 308 m
1092 238 1715 308 EPISTOLAE
1786 236 2110 307 PAULI

1282 414 1512 487 cst.
1582 412 1718 487 VI.

362 582 420 641 1.
466 541 892 657 Quicunque
926 574 1049 638 sub
1081 574 1241 658 iugo
1271 584 1433 637 sunt
1462 576 1676 650 servi,
1732 589 1893 639 suos
1933 573 2248 637 dominos
2286 575 2476 637 omni
2508 571 2656 636 bo·-

354 679 528 723 nore
569 661 806 743 dignos
851 661 1276 728 existiment:
1332 669 1408 720 ut
1445 678 1533 721 ne
1561 657 1691 721 Dei
1727 678 1974 723 nornen
2018 671 2085 721 et
2118 657 2426 721 doctrina
2465 656 2666 721 blas-

356 743 737 831 phemetur.
824 748 884 807 2.
929 740 1069 824 Qui
1094 752 1322 804 autern
1347 737 1580 805 fideles
1613 739 1860 805 habent
1892 741 2246 819 dominOS,
2293 763 2380 804 ne
2410 740 2684 827 despi-r

357 833 543 892 ciant
574 848 655 895 eo
685 827 869 910 quod
892 827 1139 891 fratres
1173 838 1360 888 sunt:
1416 825 1535 889 sed
1565 828 1773 909 magis
1805 830 2134 904 serviant,
2192 825 2376 911 quod
2420 823 2659 890 fideles

359 916 497 998 sint
527 926 593 978 et
627 912 890 989 dilecti,
936 921 1006 976 et
1036 906 1519 992 beneficentiae
1550 913 1936 997 participeS.

502 1030 790 1097 Apparet,
828 1021 998 1080 initio
1014 1026 1313 1095 Evangelii
1339 1042 1533 1078 servos
1552 1063 1576 1093 „
1608 1027 1773 1096 quasi
1804 1027 1941 1079 dato
1967 1025 2437 1079 manumissionis
2462 1026 2656 1094 signo,

320 1133 327 1150 .
360 1098 587 1152 animos
629 1099 935 1151 sustulisse.
1008 1114 1147 1148 nam
1192 1097 1410 1165 passim
1451 1096 1701 1150 multum
1742 1097 2212 1150 laboratPaulus
2242 1098 2303 1152 in
2332 1097 2661 1166 cupiditate

356 1169 461 1221 illa
485 1170 790 1221 frenanda.
864 1169 941 1220 Et
970 1184 1108 1219 sane
1133 1177 1258 1218 tam
1290 1167 1434 1218 dura
1460 1176 1587 1220 erat
1615 1169 1911 1221 servitutis
1943 1167 2229 1232 conditio,
2286 1176 2351 1218 ut
2383 1184 2501 1218 non
2529 1166 2660 1219 mi-

357 1256 489 1292 rum
534 1240 609 1291 sit
643 1240 825 1292 fuisse
869 1237 930 1288 in
972 1238 1176 1306 primis
1217 1237 1498 1289 odiosam.
1573 1240 1753 1290 Porro
1793 1239 2073 1290 usitatum
2116 1246 2241 1304 est,
2294 1239 2558 1305 arripere
2593 1237 2661 1287 in

333 1309 554 1363 earnis
601 1320 834 1362 nostrae
882 1309 1255 1361 commodum
1302 1307 1579 1377 quicquid
1629 1308 1808 1361 habet
1853 1308 2158 1360 minimam
2184 1301 2473 1374 «speciem.
2564 1309 2663 1358 Ita

358 1397 538 1450 quum
581 1379 931 1441 audiebant,
981 1395 1180 1430 omnes
1223 1394 1330 1429 nos
1370 1394 1492 1429 esse
1529 1379 1776 1445 fratres,
1829 1378 2095 1446 protinus
2132 1377 2502 1442 inferebant,
2554 1377 2659 1428 in·-

359 1452 600 1520 dignum
641 1467 779 1503 esse.
806 1457 872 1499 ut
900 1449 1149 1501 fratrum
1181 1456 1372 1500 essent
1399 1449 1714 1516 mancipia.
1788 1449 2005 1500 Verum
2035 1458 2101 1500 ut
2130 1448 2279 1500 nihil
2312 1448 2429 1499 tale
2463 1448 2663 1499 venis-

360 1531 451 1575 set
475 1521 593 1574 illis
621 1521 680 1572 in
713 1528 1007 1584 mentem,
1058 1536 1288 1586 semper
1320 1527 1519 1570 tamen
1560 1520 1787 1570 miseris
1822 1518 2158 1572 hominibus
2194 1519 2522 1571 necessaria
2569 1525 2661 1568 est

369 1591 691 1646 consolatio
713 1628 729 1655 ,
789 1606 934 1656 quae
976 1598 1266 1656 temperet
1308 1605 1723 1655 aerumnarum
1774 1589 2167 1642 acerbitatem.
2250 1588 2479 1656 Deinde
2533 1603 2662 1646 non

282 1713 292 1728 ,
361 1664 483 1717 sine
529 1660 873 1713 difficultate
917 1660 1125 1712 adduci
1170 1668 1474 1729 poterant,
1544 1651 1608 1711 uit
1653 1660 1905 1712 libenter
1946 1669 2005 1712 et
2051 1659 2232 1720 alacri
2281 1660 2478 1710 animo
2525 1666 2660 1710 tam

314 1769 319 1792 .
361 1748 571 1799 aspero
626 1731 761 1800 iugo
814 1730 1173 1783 subiicerent
1223 1732 1501 1784 cervices.
1583 1730 1714 1783 Huc
1752 1728 1932 1799 igitur
1968 1738 2195 1799 spectat
2234 1745 2505 1798 praesens
2551 1727 2657 1780 do-

361 1804 574 1856 ctrina.
1743 1849 1750 1855 .
2337 1803 2347 1814 ‘

502 1874 554 1924 1.
595 1870 935 1939 Quicunque
962 1871 1063 1922 sab
1096 1871 1232 1936 iugo
1251 1907 1268 1937 ,
1305 1875 1414 1923 etc.
1486 1869 1635 1940 Quia
1660 1870 1767 1923 sibi
1796 1871 2035 1942 quisque
2060 1869 2475 1937 praestantiam
2503 1867 2658 1921 falsa

305 1933 319 1972 ¹
361 1940 638 2012 opinione
678 1950 941 2007 arrogat,
991 1955 1163 1991 nemo
1203 1949 1289 1991 est
1328 1937 1427 2010 qui
1464 1955 1648 2010 aequo
1680 1939 1875 1993 animo
1905 1942 2091 2006 ferat,
2144 1940 2289 1991 alios
2320 1939 2431 1992 sibi
2458 1940 2656 2007 impe-

358 2013 515 2065 rare.
587 2011 702 2080 Qui
729 2010 987 2078 effugere
1014 2010 1429 2062 necessitatem
1457 2021 1784 2079 nequeunt,
1836 2019 2045 2079 parent
2075 2009 2166 2061 illi
2206 2009 2443 2079 quidem
2484 2007 2657 2060 inviti

363 2081 794 2148 superioribus:
841 2080 941 2131 sed
970 2080 1122 2133 intus
1154 2080 1413 2133 fremunt
1446 2091 1500 2133 et
1530 2080 1948 2150 indignantur,
1986 2081 2123 2150 quia
2153 2080 2263 2132 sibi
2290 2088 2499 2148 putant
2522 2078 2657 2131 fieri

362 2152 662 2206 iniuriam.
734 2149 948 2207 Omnes
978 2151 1255 2203 eiusmodi
1287 2152 1704 2218 disputationes
1734 2169 1850 2203 uno
1879 2150 2054 2203 verbo
2087 2151 2376 2217 praecidit
2405 2151 2655 2217 Aposto-

360 2225 484 2290 lus,
529 2237 707 2293 quum
740 2222 1129 2284 voluntariam
1154 2222 1577 2274 subiectionem
1606 2223 1788 2290 exigit
1815 2223 1888 2274 ab
1916 2222 2216 2286 omnibus,
2258 2223 2359 2291 qui
2387 2222 2492 2271 sub
2517 2221 2656 2288 iugo

361 2302 516 2347 sunt.
587 2291 886 2359 Significat
925 2293 1077 2343 enim
1109 2308 1227 2345 non
1256 2310 1378 2343 esse
1415 2292 1826 2360 inquirendum
1861 2291 2049 2344 sintne
2081 2290 2243 2359 digni
2271 2292 2372 2343 tali
2404 2291 2649 2342 fortuna

360 2381 442 2417 an
473 2361 743 2415 meliore:
798 2362 933 2430 quia
964 2362 1248 2428 sufficiat,
1276 2362 1408 2425 ‚hac
1440 2363 1778 2415 conditione
1802 2380 1926 2415 esse
1965 2361 2295 2414 obstrictos.
2369 2362 2444 2414 Et
2472 2369 2650 2431 quum

360 2434 655 2504 praecipit
681 2440 746 2483 ut
775 2434 984 2498 dignos
1014 2433 1229 2485 honore
1266 2434 1598 2485 existiment
1636 2434 1901 2486 dominos
1937 2432 2146 2500 quibus
2190 2432 2476 2488 serviant:
2531 2445 2653 2484 non

360 2506 535 2559 modo
561 2503 736 2555 fidem
762 2511 821 2553 et
849 2502 1218 2571 diligentiam
1246 2504 1306 2555 in
1330 2502 1691 2570 praestandis
1717 2504 2004 2574 obsequiis
2027 2504 2298 2574 requirit,
2337 2503 2436 2554 sed
2463 2509 2529 2553 ut
2542 2513 2655 2564 {eos

362 2575 677 2644 suspiciant
705 2582 767 2624 et
796 2582 1147 2624 venerentur
1174 2588 1242 2624 ex
1272 2573 1502 2639 animo,
1539 2581 1821 2643 tanquam
1848 2573 1911 2624 in
1941 2572 2150 2626 altiore
2182 2573 2363 2641 gradu
2396 2571 2654 2625 colloca-

362 2656 475 2701 tos.
548 2647 731 2696 Nemo
771 2643 920 2693 enim
958 2642 1047 2694 vel
1083 2643 1334 2710 principi
1375 2641 1464 2694 vel
1502 2641 1739 2694 domino
1776 2652 2034 2710 praestat
2077 2642 2232 2712 quod
2271 2643 2477 2707 debet,
2538 2640 2670 2703 nisi,

363 2715 745 2771 eminentiam
772 2712 1080 2776 inspiciens
1110 2713 1182 2764 ad
1211 2728 1388 2782 quam
1416 2711 1547 2763 illos
1574 2716 1730 2766 Deus
1755 2714 1977 2779 evexit,
2029 2712 2252 2765 honore
2279 2713 2414 2773 ideo
2451 2726 2653 2781 prose·

366 2787 599 2860 quitur,
652 2785 786 2853 qnia
826 2783 945 2848 illis,
976 2783 1188 2835 subest.
1260 2785 1410 2835 Nam
1438 2791 1728 2853 utcunque
1756 2801 1930 2851 saepe
1956 2785 2182 2852 indigni
2201 2775 2363 2848 ¹sint,
2412 2783 2548 2849 ipsa
2565 2790 2657 2832 ta-

365 2873 504 2911 men
532 2854 901 2924 praefectura
918 2893 933 2919 ‚
973 2871 1087 2922 qna
1120 2854 1388 2920 dignatur
1413 2854 1569 2921 ipsos
1596 2856 1783 2921 Deus,
1821 2852 2106 2905 honorem
2131 2870 2358 2921 semper
2378 2860 2656 2906 meretur.

265 2970 269 2977 .
363 2928 524 2981 Adde
561 2925 716 2995 quod
754 2924 949 2976 nullus
990 2939 1228 2992 operam
1269 2939 1435 2976 suam
1480 2924 1573 2975 vel
1603 2924 1882 2993 obsequia
1910 2926 2167 2976 Domino
2197 2933 2399 2994 sponte
2426 2924 2656 2990 impen-

344 2997 495 3065 det,
533 2997 646 3048 nisi
674 3011 972 3063 persuasus
1000 2994 1177 3047 fuerit
1207 3009 1266 3044 se
1297 2993 1526 3045 debere.
1601 2993 1770 3046 Unde
1797 2997 2093 3061 sequitur,
2133 2995 2550 3047 subiectionem
2579 2992 2653 3044 ab

362 3067 478 3121 hoc
517 3066 738 3118 honore
776 3065 1072 3133 incipere,
1135 3080 1251 3133 quo
1288 3063 1501 3115 Paulus
1543 3062 1749 3133 dignos
1790 3064 1911 3117 vult
1950 3065 2172 3116 censeri
2214 3065 2330 3133 qui·
2359 3072 2656 3132 praesunt.

365 3140 458 3191 Ne
498 3139 609 3188 Dei
651 3153 875 3187 nomen.
922 3134 1192 3202 “Semper
1233 3135 1296 3185 in
1341 3143 1603 3185 nostrum
1644 3135 2014 3189 commodum
2054 3134 2660 3205 plusqam-oporteret

278 3216 285 3221 “
362 3205 655 3275 ingeniosi
686 3219 901 3255 sumus.
973 3205 1063 3256 Ita
1090 3204 1303 3269 servis,
1355 3205 1402 3256 si
1440 3203 1705 3257 infideles
1740 3204 1997 3256 habeant
2039 3205 2334 3269 dominos,
2386 3212 2656 3270 prompta

363 3285 452 3331 est
479 3274 764 3341 obiectio,
814 3272 1117 3342 indignum
1144 3291 1265 3326 esse
1293 3282 1390 3339 ut,
1456 3272 1558 3343 qui
1590 3274 1822 3326 diabolo
1851 3276 2142 3340 serviunt,
2192 3275 2483 3340 imperent
2516 3274 2656 3324 filiis

260 3398 279 3415 -.
367 3348 501 3401 Dei.
588 3344 799 3396 Paulus
845 3354 1039 3394 autem
1087 3345 1149 3396 in
1195 3344 1555 3401 contrariam
1599 3354 1823 3412 partem
1874 3353 2178 3414 retorquet
2222 3352 2656 3412 argumentum,

363 3418 499 3469 ideo
525 3413 860 3485 infidelibus
890 3413 1140 3465 dominis
1169 3415 1487 3501 parendum
1521 3431 1675 3481 esse,
1714 3432 1790 3466 ne
1815 3415 1961 3468 male
1991 3415 2188 3466 audiat
2216 3431 2429 3466 nomen
2456 3414 2568 3466 Dei
2599 3421 2662 3463 et

365 3484 789 3555 Evangelium:
831 3485 995 3551 quasi
1023 3486 1178 3536 Deus
1197 3484 1309 3535 *ille
1328 3522 1344 3548 ,
1368 3501 1557 3553 ⁴quem
1587 3485 1867 3548 colimus,
1905 3485 1980 3536 ad
2014 3484 2413 3537 rebellandum
2441 3500 2546 3535 nos
2568 3484 2658 3535 in·

352 3557 545 3610 'citets
597 3554 760 3623 quasi
789 3554 1165 3623 Eyangelium
1201 3565 1571 3608 contumaces
1605 3555 1809 3608 reddat
1837 3563 1897 3607 et
1935 3556 2331 3624 praefractos,
2387 3555 2489 3625 qui
2517 3553 2660 3608 'aliis

369 3624 618 3680 subiecti
647 3641 768 3675 esse
795 3624 1026 3676 debent.
2353 3660 2360 3671 ,
2649 3654 2666 3669 i

503 3697 557 3748 2.
633 3694 748 3762 Qui
793 3709 981 3747 autem
1021 3692 1248 3760 fideles.
1332 3694 1675 3746 Fraternum
1718 3709 1928 3746 nomen
1968 3692 2197 3745 videtur
2242 3693 2660 3763 aequalitatem

365 3772 624 3817 statuere
642 3802 657 3828 ,
707 3764 878 3831 atque
899 3764 985 3815 ita
1010 3762 1216 3813 tollere
1246 3763 1581 3816 dominium.
1650 3763 1862 3815 Paulus
1885 3778 1959 3816 ‘ex
1989 3764 2223 3816 adverso
2250 3764 2660 3829 ratiocinatur,

373 3850 443 3887 eo
483 3833 758 3887 libentius
801 3834 1011 3886 debere
1051 3849 1244 3883 servos
1284 3833 1551 3885 fidelibus
1595 3833 1839 3886 dominis
1875 3852 1934 3885 se
1973 3835 2287 3898 subiicere,
2344 3835 2479 3903 quia
2511 3833 2666 3885 filios

367 3903 484 3959 Dei
513 3913 864 3972 agnoscunt,
918 3913 976 3955 et
1001 3903 1263 3967 fraterno
1289 3920 1487 3955 amore
1515 3904 1630 3954 illis
1650 3911 1798 3955 *sunt
1829 3903 2115 3968 devincti,
2154 3905 2491 3973 etteiusdem
2520 3920 2664 3973 gra-

368 3976 491 4027 tiae
521 3983 832 4026 consortes.
903 3975 1107 4041 Neque
1136 3974 1294 4025 enim
1321 3973 1575 4047 vulgaris=
1603 3985 1690 4026 est
1716 3974 1829 4026 ista
1854 3974 2153 4042 dignatio,
2196 3974 2351 4043 quod
2375 3976 2536 4026 Deus
2563 3990 2663 4024 eos

366 4045 618 4097 terrenis
652 4044 809 4095 heris
849 4042 912 4095 in
955 4060 1023 4102 eo
1053 4043 1207 4112 quod
1235 4045 1614 4112 praecipuum
1649 4054 1737 4094 est
1761 4044 2061 4114 aequavits
2116 4061 2249 4096 nam
2288 4060 2664 4096 communem

371 4116 543 4168 simul
582 4114 955 4184 adoptionem
994 4112 1233 4166 habent.
1304 4115 1432 4166 Hoc
1460 4131 1594 4182 ergo
1625 4130 1742 4164 non
1771 4115 1897 4167 leve
1921 4115 2038 4166 illis
2067 4114 2510 4166 incitamentum
2541 4130 2669 4166 esse

380 4185 554 4249 debet
590 4185 664 4236 ad
703 4184 1037 4236 servitutem
1065 4188 1247 4254 ae‘quo
1277 4187 1470 4237 animo
1501 4184 1828 4236 ferendam.
1869 4180 1876 4233 ζ
1901 4185 2059 4237 Adde
2090 4186 2242 4254 quod
2270 4184 2515 4238 servitus
2542 4201 2664 4235 ma·

371 4256 459 4323 gis
485 4248 806 4307 tolerabilis
834 4262 929 4305 est
946 4255 1051 4305 sub
1079 4255 1398 4306 mansuetis
1429 4255 1586 4316 heris
1604 4292 1620 4320 ,
1660 4257 1759 4326 qui
1787 4271 1893 4306 nos
1921 4256 2168 4324 diligunt
2198 4264 2257 4307 et
2287 4271 2429 4323 qnos
2457 4264 2669 4307 mutuo

373 4326 686 4397 diligimus.
755 4327 953 4393 Ipsum
984 4324 1163 4375 etiam
1187 4325 1328 4378 fidei
1353 4325 1649 4379 vinculum
1674 4326 1896 4396 optime
1919 4327 2077 4380 inter
2096 4342 2159 4379 se
2186 4325 2494 4392 conciliat,
2537 4323 2669 4396 qui-

372 4396 479 4450 bus
513 4397 740 4451 diversa
766 4405 854 4449 est
885 4392 1160 4448 conditio.
