2820 4895
357 1142 360 1145 ·
426 1114 680 1172 Irritant
724 1122 1034 1182 praeterea
1074 1114 1339 1181 quamvis
1385 1113 1684 1180 placidum
1723 1112 2031 1180 ingenium
2070 1114 2298 1166 feroces
2335 1112 2609 1167 hostium
2637 1111 2713 1161 ia·
2786 1110 2787 1141 ³

365 3163 372 3168 ,
448 3110 752 3181 sequitur,
795 3124 1009 3177 nempe
1047 3121 1179 3182 post
1219 3126 1397 3162 unam
1438 3123 1490 3162 et
1532 3112 1779 3175 alteram
1819 3115 2294 3172 admonitionem.
2364 3114 2523 3170 Nam
2550 3123 2728 3180 neque
2782 3111 2783 3114 ’

431 3179 629 3236 ¹aliter
656 3178 999 3230 discernere
1022 3177 1260 3243 licebit,
1296 3177 1565 3251 quisnam
1592 3179 1666 3231 sit
1691 3181 2033 3246 haereticus
2051 3221 2067 3244 ,
2106 3198 2218 3234 nec
2252 3181 2510 3242 reiicere
2542 3180 2633 3231 fas
2658 3194 2729 3229 es·
2782 3169 2783 3200 ³

419 267 546 334 864
971 263 1076 328 m
1154 258 1793 361 ιἐιιηειτοωυῑι
1849 257 2171 329 psum

420 436 573 492 haec
598 432 852 487 Satanae
890 428 1116 484 astutia
1155 437 1283 496 est,
1333 400 1615 497 improba
1634 388 1846 483 talium
1872 425 2191 483 bominum
2211 426 2580 498 loquacitate
2605 426 2709 479 im·

465 504 657 557 licare
693 500 883 556 bonos
923 517 995 551 ac
1029 498 1178 551 fidos
1213 499 1529 559 Pastores,
1585 506 1654 551 ut
1696 514 1797 551 eos
1836 515 1872 551 a
1909 497 2162 550 docendi
2204 497 2402 549 studio
2437 496 2708 549 abducat.

476 570 764 625 avendum
801 562 1037 639 itaque,
1087 584 1163 620 ne
1193 565 1426 619 rixosae
1451 583 1561 618 nos
1590 565 2026 634 disputationes
2054 568 2380 646 occupent,
2436 621 2449 644 ζ
2515 565 2576 617 ia
2614 581 2709 617 ne·

426 657 544 711 que
581 638 813 691 interea
855 636 1122 700 vacabit,
1168 652 1416 704 operam
1454 643 1715 689 nostram
1741 635 1987 687 Domini
2028 650 2200 706 gregi
2241 650 2444 701 impen
2490 649 2624 697 ere,
2659 642 2711 683 et
2786 684 2787 691 ,

420 705 788 765 'contentiosi
835 705 1105 756 homines
1150 720 1454 773 nunquam
1497 702 1733 755 molesti
1774 704 1943 755 nobis
1987 720 2109 755 esse
2150 702 2443 760 desinent.
2547 700 2710 773 Quod

427 791 572 844 ergo
616 771 794 825 vitari
829 772 1032 835 iubet,
1078 770 1326 838 perinde
1353 771 1544 837 valet,
1596 788 1663 822 ac
1692 771 1741 822 si
1769 780 2050 839 negaret,
2092 787 2458 839 magnopere
2485 786 2613 822 esse
2639 768 2711 820 la-

425 841 757 900 borandum
775 878 793 906 ,
827 849 897 895 ut
921 840 1044 892 illis
1074 838 1329 892 satisfiat
1349 876 1365 902 ,
1415 839 1537 891 imo
1568 838 1717 891 nihil
1744 854 1867 890 esse
1895 837 2108 891 melius
2136 856 2312 908 quam
2341 838 2402 892 di
2449 837 2708 889 ladiandi

425 927 666 975 ansam,
713 927 889 980 quam
930 916 1209 975 captant,
1261 908 1386 960 illis
1432 907 1718 975 praecidi.
1802 906 1981 959 Valde
2010 907 2404 959 necessariae
2446 907 2709 958 monitio.

423 983 583 1037 Nam
609 987 670 1032 et
699 978 801 1048 qui
831 977 1091 1031 libenter
1118 975 1337 1046 alioqui
1365 993 1396 1027 a
1427 974 1643 1044 pugnis
1680 974 1999 1028 verborum
2026 975 2432 1040 abstinerent,
2490 974 2711 1040 pudore

424 1047 730 1107 interdum
759 1045 1082 1098 trahuntur
1109 1043 1174 1095 in
1204 1061 1476 1109 arenam,
1526 1043 1665 1110 quia
1691 1043 1903 1097 cedere
1931 1046 2124 1112 turpis
2152 1038 2435 1113 ignaviae
2461 1044 2710 1096 videtur.

428 1186 723 1250 ctantiae,
836 1183 932 1238 uia
970 1182 1280 1235 ferendum
1324 1199 1442 1234 non
1484 1182 1741 1246 videtur,
1807 1190 1873 1233 ut
1919 1181 2163 1251 impune
2213 1181 2454 1238 veritati
2509 1184 2605 1246 (ut
2639 1180 2713 1231 fa·

429 1255 625 1318 ciunt)
667 1251 802 1304 insu
832 1260 975 1311 tent.
1057 1251 1180 1302 Nec
1221 1251 1431 1302 desunt
1469 1250 1699 1302 interea
1736 1249 2006 1302 homines
2047 1260 2148 1305 aut
2188 1248 2430 1318 cupidi,
2487 1258 2596 1305 aut
2631 1248 2711 1301 ni·

428 1322 619 1377 mium
647 1319 888 1384 fervidi,
928 1317 1033 1388 qui
1065 1318 1138 1371 ad
1169 1317 1516 1371 conflictum
1540 1318 1884 1373 sollicitent.
1970 1317 2146 1389 Atqui
2170 1318 2385 1372 Paulus
2419 1334 2548 1376 non
2578 1318 2711 1381 vult,

428 1392 692 1449 multum
732 1406 802 1442 ac
845 1387 945 1449 diu
985 1404 1123 1440 cum
1156 1387 1476 1441 haereticis
1505 1386 1862 1455 disputando
1896 1387 2124 1441 Christi
2149 1403 2385 1441 servum
2414 1386 2713 1456 occupari.

427 1463 606 1517 Nunc
654 1457 998 1522 videndum„
1042 1455 1186 1537 quid
1226 1461 1334 1523 pter
1371 1455 1657 1508 haeretici
1702 1472 1921 1516 nomen
1956 1452 2266 1524 intelligat.
2349 1455 2549 1527 Vulgo
2588 1453 2715 1512 trita

432 1540 525 1583 est
566 1526 869 1588 distinctio
907 1524 1072 1579 inter
1105 1524 1473 1578 haereticum
1517 1540 1585 1576 ac
1621 1518 2095 1590 schismaticum,
2145 1541 2298 1595 quae
2324 1534 2538 1579 tamen
2566 1524 2665 1585 bic
2688 1541 2716 1574 a

431 1598 618 1657 Paulo
648 1588 967 1662 (nifallor)
995 1590 1401 1659 confunditur.
1478 1594 1682 1714 Neque
1711 1595 1871 1647 enirn
1897 1596 2132 1649 tantum
2160 1611 2259 1649 eos
2284 1593 2592 1663 designat,
2628 1592 2715 1662 qui

433 1677 667 1732 certum
710 1679 974 1714 errorem
1020 1673 1121 1714 aut
1163 1678 1501 1728 perversum
1541 1663 1619 1713 ai
1669 1661 1785 1713 uod
1820 1664 2035 1731 dogma
2080 1663 2289 1716 fovent
2330 1679 2402 1714 ac
2436 1672 2714 1722 tuentur;

435 1735 537 1789 sed
577 1733 641 1785 in
683 1733 1016 1788 universum
1056 1730 1273 1798 quicun
1319 1747 1400 1784 ue·
1418 1748 1592 1782 sanae
1661 1731 1928 1792 octrinae
1957 1749 2073 1782 non
2107 1732 2517 1805 acquiescunt,
2555 1747 2717 1802 quam

432 1820 626 1884 nuper
652 1798 986 1882 proposuit,
1074 1802 1166 1858 lta
1193 1817 1283 1851 am
1331 1800 1529 1859 itiosos
1558 1817 1789 1867 omnes,
1842 1802 2240 1868 praefractos,
2294 1802 2717 1864 contentiosos,

436 1888 539 1942 qui
562 1867 821 1924 libidine
852 1866 1367 1937 impulsi¹turbant
1392 1869 1695 1923 Ecclesiae
1721 1886 1963 1950 pacem,
2013 1887 2081 1922 ac
2120 1870 2358 1930 dissidia
2397 1869 2718 1933 concitant,
2786 1858 2787 1881 ¹

433 1942 553 1994 hoc
590 1938 829 1996 nomine
871 1937 1337 2001 comprehendit.
1427 1940 1493 2001 In
1525 1956 1783 2005 summa,
1834 1942 2098 2008 quisquis
2130 1957 2233 1992 sua
2304 1940 2572 1992 roton-via
2604 1938 2718 1990 uni·

434 2019 627 2062 tatem
657 2006 965 2063 Ecclesiae
994 2006 1322 2075 abrumpit,
1372 2006 1429 2063 is
1452 2006 1784 2066 haereticus
1818 2017 2067 2079 vocatur
2095 2025 2128 2060 a
2152 1958 2355 2060 Pautlo.
2447 2008 2565 2067 Sed
2605 2024 2717 2063 rno-

438 2077 667 2131 deratio
695 2076 1034 2131 adhibenda
1075 2084 1197 2142 est,
1249 2092 1355 2142 ne,
1402 2076 1668 2144 quisquis
1696 2078 2024 2130 sententiae
2050 2087 2288 2129 nostrae
2315 2094 2437 2131 non
2470 2076 2715 2129 subscri·

434 2149 562 2213 bit,
613 2163 749 2202 eum
794 2144 1062 2212 protinus
1105 2143 1390 2202 faciamus
1416 2146 1818 2203 haereticum.
1903 2147 2055 2200 Sunt
2097 2145 2250 2197 enim
2291 2147 2615 2215 quaedam,
2659 2144 2715 2195 de

481 2216 653 2273 uibus
695 2216 742 2268 si
778 2212 1134 2265 dissentiant
1169 2212 1329 2264 inter
1375 2230 1437 2265 se
1462 2213 1822 2280 Christiani,
1869 2233 1993 2275 non
2025 2223 2222 2269 tamen
2254 2212 2318 2269 in
2351 2225 2547 2267 sectas
2588 2214 2717 2265 divi·

438 2234 682 2341 dentur.
765 2282 859 2334 Sic
886 2280 1044 2334 enim
1071 2280 1204 2332 fieri
1231 2280 1376 2334 alibi
1408 2283 1699 2351 praecipit
1726 2284 1884 2336 idem
1916 2286 2163 2348 Paulus,
2216 2301 2397 2353 quum
2425 2285 2603 2335 iubet
2633 2299 2718 2333 ex·

440 2364 738 2421 spectare,
776 2352 942 2403 salva
969 2349 1288 2413 concordia
1306 2390 1321 2417 ‚
1361 2351 1471 2402 Dei
1501 2352 1928 2416 revelationem
1946 2390 1963 2422 ,
2010 2354 2082 2407 ad
2107 2334 2368 2435 Philipp.
2402 2370 2538 2427 cap.
2566 2352 2620 2419 8,
2645 2351 2718 2403 16.
2786 2338 2787 2343 ¹

437 2425 662 2477 Verum
703 2421 940 2491 quoties
978 2436 1048 2479 eo
1087 2435 1272 2488 usque
1314 2420 1582 2487 procedit
1622 2422 1986 2490 pervicacia,
2038 2425 2105 2478 ut
2143 2439 2437 2493 quispiam
2480 2423 2595 2475 sibi
2631 2420 2719 2473 ad·

442 2493 637 2547 dictus
678 2491 771 2542 vel
815 2490 1230 2552 discessionem
1270 2488 1458 2546 faciat
1495 2506 1526 2540 a
1564 2507 1846 2561 corpore,
1894 2494 1985 2546 vel
2015 2510 2048 2545 a
2117 2511 2254 2563 rege
2278 2493 2569 2562 quosdam
2598 2490 2722 2544 sub·

435 2562 701 2627 atrebat,
752 2558 844 2611 vel
885 2557 1171 2624 impediat
1208 2574 1382 2610 sanae
1423 2557 1732 2614 doctrinae
1770 2577 2039 2618 cursum:
2128 2561 2186 2615 ic
2217 2570 2460 2615 strenue
2493 2561 2721 2616 obvian-

443 2630 585 2697 dum
628 2638 734 2692 est.
816 2629 888 2690 In
930 2643 1192 2693 summa,
1239 2626 1503 2684 haeresis
1541 2629 1637 2680 vel
1677 2639 1869 2693 secta,
1922 2640 1982 2684 et
2010 2629 2316 2692 Ecclesiae
2354 2628 2590 2696 unitas,
2639 2643 2719 2679 res

441 2708 581 2755 sunt
606 2696 766 2754 inter
793 2712 858 2761 μ’
884 2696 1206 2766 oppositae.
1288 2696 1485 2773 Quum
1510 2696 1659 2759 haec
1682 2699 1811 2762 Deo
1838 2700 2106 2770 pretiosa
2135 2701 2209 2752 sit
2226 2735 2243 2765 ,
2292 2706 2353 2756 et
2380 2699 2557 2759 nobis
2582 2714 2722 2750 sum·

442 2784 542 2820 :mo
593 2766 655 2819 in
703 2765 903 2833 pretio
953 2781 1078 2816 esse
1131 2764 1380 2830 debeat,
1442 2765 1609 2818 illam
1660 2785 2038 2839 summopere
2090 2766 2374 2821 detestari
2430 2766 2719 2818 convenit.

504 2852 643 2888 nare
669 2842 866 2898 sectae
894 2834 988 2885 vel
1017 2834 1330 2886 haereseos
1358 2849 1607 2902 nomen,
1644 2838 1905 2906 quamvi.
1936 2839 2098 2891 inter
2123 2836 2518 2907 philosopho,
2548 2845 2607 2886 gt
2632 2849 2723 2903 po-
2784 2855 2785 2864 κ

443 2906 469 2958 1
498 2903 653 2956 ticos
691 2903 971 2955 homines
1007 2902 1085 2953 s‘it
1122 2900 1557 2970 honorificum,
1611 2906 1825 2958 merito
1866 2907 2089 2960 infame
2128 2915 2217 2958 est
2246 2905 2417 2957 inter
2444 2902 2724 2957 Christia-

445 2990 576 3027 nos.
647 2973 946 3024 Tenemus
971 2986 1128 3023 nunc
1146 3006 1164 3034 ,
1202 2967 1484 3039 quosnam
1511 2971 1818 3044 intelligat
1848 2976 2084 3043 Paulus,
2121 2992 2302 3046 quum
2329 2973 2506 3026 iubet
2535 2972 2725 3025 haere·

445 3042 610 3096 ticos
634 3039 838 3094 omitti
871 3050 930 3091 et
958 3039 1159 3090 vitari.
1244 3038 1360 3092 Sed
1385 3042 1709 3095 notandum
1736 3044 1912 3098 simul
1938 3053 2060 3110 est,
2096 3045 2253 3114 quod
2285 3042 2580 3096 continuo
2608 3049 2727 3111 post

448 3259 561 3315 set,
597 3247 707 3300 nisi
737 3263 913 3316 quem
940 3245 1108 3316 prius
1139 3246 1354 3298 conati*
1374 3249 1628 3299 essemus
1654 3249 1724 3300 ad
1753 3268 1954 3315 sanam
1979 3262 2240 3306 mentem
2268 3252 2582 3302 reducere.
2635 3245 2731 3298 Ad-

395 3363 402 3364 .
447 3318 838 3372 monitionem
867 3329 1048 3381 porro
1074 3313 1373 3383 intelligit
1393 3332 1515 3368 non
1547 3319 1905 3386 quamlibet,
1944 3319 2041 3371 vel
2067 3319 2325 3372 hominis
2354 3318 2607 3386 privati,
2643 3314 2731 3367 sed

450 3403 607 3459 quae
631 3384 716 3437 rfit
753 3400 787 3435 a
828 3382 1142 3450 Ministro,
1191 3383 1774 3452 publicaEeclesiae
1810 3388 2199 3442 auctoritate.
2287 3387 2548 3452 Eerinde
2587 3386 2732 3437 enim

425 3456 658 3516 ⁴valent:
689 3457 814 3506 eius
841 3452 1053 3519 verba,
1099 3469 1169 3503 ac
1193 3452 1240 3510 si
1271 3452 1528 3518 diceret,
1567 3456 1829 3521 graviter
1858 3459 2026 3527 quasi
2058 3456 2333 3510 censoria
2362 3454 2736 3509 correctione

452 3522 860 3595 reprimendos
893 3537 1041 3573 esse.
1115 3521 1235 3589 Qui
1278 3523 1811 3590 autem-colligunt
1847 3544 1918 3578 ex
1959 3526 2074 3579 hoc
2111 3527 2285 3594 loco,
2334 3525 2463 3576 sola
2505 3538 2733 3575 excom·

385 3659 390 3662 ¹
431 3592 862 3647 'munientione
898 3589 1352 3656 compescendos
1389 3606 1517 3642 esse
1549 3608 1871 3658 pravorum
1902 3596 2246 3668 dogmatum
2279 3602 2601 3660 auctores,
2646 3606 2737 3642 nec

455 3680 584 3718 esse
611 3662 771 3713 ultra
797 3659 858 3709 in
886 3675 981 3710 eos
1008 3659 1385 3725 saeviendum
1404 3675 1422 3709 ε
1461 3674 1579 3710 non
1607 3663 1742 3713 satis
1770 3665 2040 3732 apposite
2068 3662 2530 3716 ratiocinantur.
2589 3660 2739 3713 Aliae

457 3733 617 3785 enim
651 3726 973 3798 Episcopi,
1020 3728 1171 3778 aliae
1213 3727 1591 3795 magistratus
1629 3740 1768 3784 sunt
1809 3733 2033 3799 partes.
2112 3734 2254 3784 Tito
2293 3731 2568 3784 scribens
2607 3731 2737 3781 Pau·

454 3802 552 3867 lus
573 3815 696 3850 non
725 3796 962 3849 disserit
988 3795 1060 3851 de
1087 3794 1289 3847 officio
1311 3797 1726 3866 magistratus,
1773 3801 1874 3853 sed
1907 3800 2047 3871 quid
2073 3801 2373 3869 Episcopo
2410 3797 2740 3860 conveniat-

461 3870 813 3939 Quanquam
856 3864 1186 3917 moderatio
1226 3881 1460 3933 semper
1501 3866 1765 3933 optima:
1825 3885 1900 3932 ne
1944 3879 2067 3922 tam
2109 3870 2168 3922 vi
2213 3880 2273 3923 et
2311 3877 2549 3921 armata
2584 3879 2742 3920 manu

461 3935 884 4000 coerceantur,
929 3950 1108 4004 quam
1139 3933 1521 4011 corrigantur
1547 3934 1870 4005 disciplina
1894 3938 2228 4007 Ecclesiae,
2282 3938 2334 3990 si
2366 3936 2618 4008 quidem
2643 3934 2742 3987 sint

361 4053 364 4054 a
461 4003 786 4061 sanabiles.

566 4141 578 4155 ⁶
605 4073 688 4154 1·1.
780 4070 1011 4150 Sciens,
1060 4070 1216 4138 quod
1254 4087 1483 4151 ever-fus
1524 4072 1625 4152 sit.
1696 4071 1983 4133 Eversum
2011 4076 2313 4140 nominat,
2351 4074 2418 4128 in
2449 4092 2572 4144 quo
2601 4070 2745 4124 nulla

431 4148 913 4220 resipiscentiae
953 4154 1084 4204 spes
1124 4147 1245 4210 est,
1299 4155 1471 4219 quja,
1520 4156 1571 4193 si
1606 4142 1845 4202 restitui
1881 4155 2083 4213 posset
2112 4144 2414 4216 quispiam
2437 4154 2653 4197 nostro
2680 4142 2744 4191 la·

462 4216 648 4276 bore,
681 4222 1052 4275 nequaquam
1083 4217 1233 4259 esset
1262 4210 1646 4270 omittendus.
1719 4213 2078 4282 Metaphora
2105 4223 2339 4283 sumpta
2370 4222 2461 4267 est
2490 4214 2572 4271 ab
2605 4207 2745 4263 aedi·

429 4323 434 4328 ,
468 4280 643 4344 ficio,
679 4275 836 4346 quod
863 4292 981 4325 non
1008 4275 1184 4326 modo
1216 4276 1421 4349 aliqua,
1438 4277 1530 4332 sui
1560 4289 1732 4346 part-e
1760 4282 2089 4351 collapsum
2115 4292 2238 4364 est,
2260 4283 2364 4335 sed
2386 4282 2661 4344 funditus
2686 4275 2749 4327 di·

277 4597 464 4696 Ἣ

467 4358 676 4403 rutum
697 4383 715 4411 ,
756 4354 822 4402 ut
847 4343 1275 4421 instaurationi
1305 4363 1430 4410 non
1462 4348 1539 4398 sit
1562 4348 1748 4402 locus.
1833 4351 2029 4406 Huius
2054 4352 2374 4410 eversionis
2400 4351 2649 4419 signum
2674 4344 2751 4400 ad·

467 4417 594 4486 dit,
648 4414 867 4480 malent
894 4413 1356 4489 conscientiam,
1404 4432 1591 4484 qutun
1614 4416 1792 4485 dicit,
1836 4421 2016 4498 tales,
2054 4423 2158 4495 qui
2182 4420 2624 4482 monitionibus
2654 4429 2752 4470 non
