2820 4895
728 196 869 293 An
929 197 1472 309 ‚Epflnslos
1540 227 1701 291 cu.
1749 224 1876 317 iv.
2013 255 2018 260 -
2249 316 2250 323 Ν
2349 232 2435 343 39

182 416 243 453 ex
280 405 442 464 parte
486 398 798 464 duntaxat,
830 384 1060 451 'debere
1110 413 1234 449 esse
1273 395 1493 448 unitos.
1566 396 1640 447 Et
1684 394 1875 447 valido
1918 398 2273 464 argumento
2309 397 2424 448 hoc

174 467 498 533 confirmat,
545 468 680 536 quia
725 466 788 518 in
828 480 1010 518 unam
1050 464 1443 518 hereditatem
1485 472 1544 514 et
1582 480 1753 514 unam
1797 465 1975 514 vitam
2016 465 2208 516 vocati
2238 464 2422 517 simus

179 553 378 588 omnes.
415 537 545 586 inde
579 534 731 586 enim
762 534 1061 603 sequitur,
1103 534 1293 600 potiri
1323 531 1853 584 nos-vita'aeterna
1880 533 2064 585 aliter
2090 551 2206 585 non
2230 550 2425 603 posse,

177 622 333 675 quam
357 604 404 655 si
432 604 588 657 inter
611 621 717 655 nos
749 603 1008 655 vivamus
1037 605 1336 655 unanimes
1362 603 1421 653 in
1450 600 1566 651 hoc
1589 601 1831 654 mundo.
1894 603 2052 654 Nam
2080 601 2215 653 ideo
2247 603 2423 656 simul

176 674 354 726 omnes
373 675 527 726 Deus
555 690 671 726 unu
699 689 842 725 voce
872 673 1105 736 invitat,
1146 682 1227 736 ut,
1268 671 1475 739 eodem
1501 669 1636 721 fidei
1668 687 1954 722 consensu
1978 671 2134 723 inter
2161 689 2219 722 se
2245 670 2422 738 uniti,

175 753 356 795 mutuo
399 744 499 794 alii
540 743 687 794 alios
722 740 923 793 iuvare
965 743 1263 797 studeant.
1334 741 1384 793 Ο
1416 740 1464 792 si
1496 739 1699 789 animis
1729 739 1940 789 nostris
1963 739 2244 792 insideret
2270 741 2419 792 haec

177 813 462 881 cogitatio,
513 812 668 863 hanc
699 812 917 881 Legem
961 812 1124 863 nobis
1168 827 1291 862 esse
1330 812 1728 877 propositam,
1786 819 1848 858 ut
1879 826 1998 859 non
2028 810 2219 877 magis
2249 810 2419 860 dissi,

174 882 288 950 dere
311 881 466 932 inter
494 899 555 932 se
585 881 814 949 possint
839 880 1110 945 filiiDei,
1150 884 1324 948 quani
1346 894 1598 945 regnum
1625 877 1929 929 coelorum
1952 878 2162 944 dividi,
2195 890 2417 950 quanto

175 949 227 1001 in
259 950 497 1002 colenda
535 949 799 1002 fraterna
837 948 1263 1005 benevolentia
1303 965 1554 999 essemus
1597 947 1925 998 cautiores?
1980 960 2199 1016 quanto
2245 948 2417 1013 nobis

176 1020 376 1072 horrori
416 1029 611 1071 essent
650 1035 852 1082 omnes
900 1019 1265 1083 simultates,
1322 1017 1370 1069 si
1412 1024 1860 1085 reputaremus,
1929 1026 1996 1068 ut
2047 1018 2252 1085 decet,
2314 1035 2417 1070 eos

181 1105 343 1140 omues
368 1105 428 1138 se
458 1088 727 1139 alienare
761 1104 793 1139 a
822 1104 1007 1154 regno
1036 1089 1182 1152 Dei,
1227 1084 1327 1157 qui
1363 1103 1396 1137 a
1430 1085 1719 1139 fratribus
1751 1103 1814 1137 se
1843 1084 2231 1153 disiungunt?
2303 1087 2415 1141 Sed

183 1160 337 1208 nescio
366 1157 468 1225 qui
502 1157 604 1222 fit,
641 1165 709 1209 ut
738 1173 949 1223 secure
977 1174 1085 1208 nos
1115 1173 1239 1209 esse
1264 1155 1424 1207 filios
1447 1155 1556 1207 Dei
1583 1153 1942 1221 gloriemur,
1995 1166 2231 1207 mutuae
2254 1155 2417 1208 inter

187 1244 266 1279 nos
293 1224 680 1277 fraternitatis
723 1225 921 1276 obliti.
1007 1226 1319 1277 Discamus
1353 1224 1555 1293 itaqu'e
1596 1239 1665 1274 ex
1695 1224 1899 1288 Paulo,
1950 1224 2207 1277 eiusdem
2243 1225 2415 1276 here-

191 1294 333 1372 ditatis
368 1294 620 1348 minime
663 1311 791 1363 esse,
816 1306 1059 1364 capaces
1077 1332 1093 1363 ,
1140 1294 1258 1347 nisi
1287 1294 1388 1364 qui
1415 1309 1598 1345 unum
1623 1288 1839 1361 corp‘us
1864 1302 2004 1344 sunt
2032 1300 2091 1345 et
2117 1310 2265 1347 unus
2293 1292 2414 1364 spi·

189 1374 311 1414 ntus.

278 1432 321 1482 5.
403 1429 583 1482 Unus
606 1429 911 1483 Dominus.
1006 1431 1222 1494 *Priore
1269 1431 1344 1483 ad
1387 1429 1663 1483 Corinth.
1699 1431 1783 1497 12,
1816 1430 1865 1483 5.
1903 1429 2262 1500 simpliciter
2300 1432 2412 1485 hac

178 1517 289 1551 voce
319 1499 571 1551 Domini
617 1500 931 1568 imperium
971 1499 1087 1552 Dei
1127 1509 1320 1557 notat.
1380 1498 1479 1551 hic
1528 1517 1707 1566 vero,
1773 1500 1911 1567 quia
1951 1500 2125 1568 paulo
2163 1512 2297 1570 post
2337 1502 2408 1553 de

174 1569 310 1620 Patre
338 1567 697 1620 nominatim
723 1569 1001 1637 loquetur
1021 1607 1035 1630 ,
1076 1570 1314 1637 proprie
1343 1569 1652 1621 Christum
1680 1568 2002 1637 intelligit,
2044 1567 2142 1639 qui
2169 1568 2405 1635 ordina·

171 1636 349 1690 tus'est
387 1639 564 1688 nohis
602 1656 637 1689 a
677 1639 850 1688 Patre
889 1637 1182 1689 dominus.
1238 1654 1355 1689 nou
1391 1655 1698 1705 possumus
1732 1648 1926 1691 autem
1954 1639 2112 1691 illius
2134 1639 2406 1691 'dominio

170 1709 401 1772 subesse,
453 1707 580 1757 nisi
617 1707 944 1758 unanimes.
1027 1705 1271 1775 Quoties
1301 1706 1405 1757 hic
1431 1706 1581 1774 legis
1614 1706 1960 1759 vocabulum
1992 1711 2185 1774 Unus,
2225 1709 2408 1761 intel-

167 1774 263 1844 lige
301 1776 640 1842 emphatice
674 1774 969 1840 positum,
1022 1793 1090 1829 ac
1120 1775 1163 1825 si
1195 1775 1458 1827 diceret:
1516 1777 1646 1829 Non
1673 1772 2081 1844 pot'estrdividi
2115 1776 2404 1843 Christus,

167 1860 260 1896 nou
298 1853 491 1911 potest
533 1844 724 1895 scindi
761 1843 935 1896 fides:
991 1861 1111 1897 non
1141 1852 1277 1896 sunt
1303 1842 1516 1897 diversi
1546 1843 1829 1909 Baptismi
1850 1883 1866 1909 ,
1916 1845 2013 1896 sed
2043 1862 2187 1897 unus
2216 1847 2404 1915 oxnni—

165 1911 251 1967 bus
274 1914 634 1964 communis:
683 1928 803 1974 non
834 1923 1030 1977 potest
1062 1916 1218 1964 Deus
1247 1913 1308 1964 in
1342 1920 1542 1980 partes
1575 1915 1759 1967 varias
1788 1912 2050 1966 distrahi.
2101 1930 2242 1980 ergo
2271 1914 2405 1965 uni·

165 1991 325 2039 tatem,-
350 1984 512 2034 inter
554 1999 660 2032 nos
698 1991 960 2035 sanctam
1001 1983 1120 2035 coli
1160 1983 1364 2048 decet,
1404 1999 1553 2050 quae
1579 1993 1673 2032 tot
1703 1983 1952 2041 vinculis
1980 1993 2070 2034 est
2100 1982 2400 2051 colligata.

164 2052 287 2103 Nam
309 2061 364 2103 et
389 2051 573 2116 fides,
624 2058 684 2102 et
709 2050 1054 2117 Baptisma,
1103 2059 1163 2101 et
1192 2051 1354 2102 Deus
1385 2060 1554 2116 pater
1581 2062 1641 2102 et
1664 2051 1930 2103 Christus
1959 2052 2129 2103 unire
2147 2060 2269 2119 'glos
2301 2052 2400 2104 de-

162 2117 305 2183 bent,
362 2121 442 2171 ita
476 2128 551 2172 ut
590 2120 1020 2188 quodammodo
1060 2119 1124 2170 in
1165 2136 1347 2173 unum
1386 2120 1681 2172 hominem
1719 2120 2402 2194 coalescamuswomnes.

158 2189 445 2241 Caeterum
502 2188 654 2239 haec
705 2187 908 2241 omnia
964 2187 1209 2243 unitatis
1257 2198 1605 2253 argumenta
1647 2186 1900 2254 espendi
1942 2189 2126 2258 magis
2164 2189 2401 2257 debent„

162 2271 306 2324 quam
329 2257 601 2308 enarrari
634 2265 874 2325 queant.
911 2256 1047 2309 ideo
1071 2256 1340 2319 breviter
1372 2258 1645 2325 Apostoli,
1664 2256 1924 2327 mentem
1952 2258 2221 2310 indicare
2246 2258 2401 2311 mihi

162 2325 381 2379 sufficit:
429 2327 679 2406 plenam
717 2325 1133 2377 tractationem
1177 2326 1564 2383 concionibus
1607 2326 1903 2394 relinquo.
1976 2330 2160 2378 P‘orro
2187 2329 2397 2393 ,unitas

160 2392 302 2459 fidei,
348 2411 523 2447 cums
560 2394 865 2458 meminit,
913 2390 986 2446 ab
1024 2395 1193 2446 unica
1229 2404 1289 2445 et
1331 2405 1572 2447 aeterna
1598 2395 1712 2452 Dei
1752 2395 2009 2446 veritate
2045 2396 2296 2463 pendet,
2334 2395 2400 2449 in

161 2479 250 2531 qua
272 2464 516 2516 fundata
548 2463 651 2515 est.
796 2463 986 2530 Unum
1016 2464 1338 2531 Baptisma.
1409 2464 1728 2529 Ber-peram
1754 2481 1823 2515 ex
1855 2464 1969 2515 hoc
1996 2464 2130 2520 loco
2161 2464 2397 2533 quidam

164 2531 452 2604 colligunt,
478 2563 487 2573 =
517 2549 640 2586 non
675 2532 1015 2599 iterandum
1053 2549 1176 2585 esse
1217 2533 1512 2601 Baptisma
1559 2533 1720 2585 inter
1762 2534 2146 2588 Christianos.
2207 2543 2400 2602 neque

161 2600 286 2652 enim
306 2603 417 2652 hoc
446 2601 579 2654 vult
606 2602 960 2671 Apostolus:
997 2600 1098 2652 sed
1126 2601 1283 2656 idem
1312 2602 1736 2653 esse-‘omnibus
1762 2618 2098 2656 commune.
2148 2598 2402 2672 ideoque

162 2669 449 2739 peripsum
475 2669 709 2721 initiari
734 2688 837 2722 nos
864 2670 924 2721 in
950 2686 1132 2722 unam
1163 2672 1415 2722 animam
1442 2682 1504 2722 et
1534 2687 1719 2722 unum
1743 2687 1989 2736 corpus.·
2051 2668 2271 2742 Quodsi
2302 2687 2399 2722 va-

159 2736 223 2787 let
244 2739 338 2790 illa
366 2740 562 2802 ratio,
611 2738 801 2791 multo
829 2739 1080 2804 validior
1104 2739 1219 2791 erit
1242 2738 1389 2805 ista,
1438 2740 1707 2802 Patrem,
1748 2749 1806 2790 et
1830 2738 2081 2804 Filium,
2123 2749 2180 2791 et
2210 2739 2396 2807 Spiri-

160 2813 260 2858 tum
297 2807 599 2872 sanc‘tum,
651 2825 834 2861 unum
871 2808 1064 2861 Deum
1108 2824 1261 2859 esse:
1292 2871 1295 2878 Α
1327 2808 1460 2876 quia
1499 2825 1683 2860 unum
1722 2817 1808 2859 est
1841 2809 2141 2875 Baptisma
2164 2843 2180 2872 ,
2240 2809 2399 2877 quod

159 2875 310 2926 trium
345 2876 593 2929 nomine
631 2886 1026 2930 consecratur.
1113 2876 1266 2946 Quid
1305 2878 1461 2928 enim
1503 2875 1810 2928 habebunt
1850 2877 1942 2926 vel
1985 2877 2246 2937 Arriani,
2302 2877 2396 2929 vel

161 2942 478 3010 Sabelliani,
548 2945 703 3013 quod
744 2945 1140 3012 respondeant
1183 2944 1254 2996 ad
1302 2946 1476 2997 istam
1521 2944 1962 3007 obiectionem?
2061 2946 2399 3013 Baptismus
2452 2993 2461 3002 ,

159 3014 494 3080 tantam-,vim
521 3014 734 3081 habet,
778 3023 846 3066 ut
871 3030 980 3063 nos
1013 3030 1194 3066 unum
1223 3013 1467 3073 efficiat.
1518 3013 1580 3063 in
1608 3012 1907 3082 Baptismo
1936 3023 2133 3067 autem
2158 3014 2397 3068 invoca-

158 3087 237 3132 tur
268 3099 477 3134 nomen
525 3082 752 3147 Patris,
798 3092 859 3134 et
897 3081 1072 3143 Filii,
1120 3092 1179 3134 et
1219 3082 1480 3155 Spiritus
1516 3084 1730 3134 sancti.
1795 3084 2177 3153 negabuntne
2219 3099 2399 3136 unam

163 3165 261 3199 esse
289 3150 718 3216 Divinitatem,
760 3168 912 3220 quae
939 3152 1013 3204 sit
1042 3151 1221 3204 huius
1249 3166 1451 3202 sacrae
1493 3160 1552 3200 et
1579 3150 1870 3218 ¹mysticae
1912 3150 2160 3212 unitatis
2193 3150 2418 3205 fundat

160 3222 430 3273 mentum?
504 3217 664 3288 Er'go
697 3220 994 3274 fateamur
1019 3236 1259 3282 necesse
1289 3219 1410 3287 est,
1445 3234 1517 3269 ex
1540 3218 1830 3287 Baptismi
1863 3219 2237 3273 institutione
2263 3238 2400 3293 pro-

162 3284 266 3337 bari
286 3296 403 3340 tres
428 3299 708 3351 personas
732 3289 798 3341 in
825 3306 940 3339 una
967 3288 1080 3339 Dei
1110 3288 1378 3341 essentia.
1937 3349 1944 3355 Δ

269 3355 317 3406 6.
387 3356 553 3422 Unus,
574 3356 733 3409 Deus
759 3367 813 3418 et
830 3356 1018 3409 Pater.
1093 3359 1222 3408 Hoc
1254 3353 1342 3407 est
1369 3353 1790 3427 praecipuum:
1828 3355 1966 3424 quia
1992 3355 2133 3408 inde
2160 3369 2402 3412 manant

163 3421 355 3491 reliqua
393 3425 615 3477 omnia.
696 3424 863 3477 Unde
905 3429 1059 3493 enim
1094 3426 1280 3477 fides?
1342 3426 1496 3494 unde
1537 3426 1915 3492 Baptismus?
1979 3428 2134 3477 unde
2172 3427 2430 3490 Christi·
2473 3423 2474 3432 ¹

165 3491 308 3544 etiam
348 3494 681 3545 dominium
702 3531 720 3560 ,
772 3493 947 3547 cuius
978 3495 1259 3561 auspiciis
1288 3496 1672 3560 copulamur,
1719 3493 1829 3547 nisi
1861 3494 1997 3563 quia
2020 3495 2176 3548 Deus
2206 3497 2398 3563 Pater,

165 3575 210 3608 se
242 3561 299 3610 in
333 3565 436 3613 nos
480 3562 839 3629 diffundens,
889 3562 984 3614 his
1013 3571 1246 3632 quoque
1272 3563 1480 3615 mediis
1506 3563 1761 3615 vicissim
1789 3581 1895 3614 nos
1924 3563 1995 3613 ad
2026 3581 2087 3614 se
2122 3565 2397 3633 colligit?

165 3624 300 3678 Duae
337 3632 664 3697 particulae
705 3632 798 3684 ἐπὶ
828 3626 1085 3698 πάντων,
1131 3632 1227 3698 καὶἼ
1252 3629 1345 3688 διὰ
1373 3626 1631 3697 πάντων,
1677 3643 1796 3683 tam
1823 3642 2038 3683 neutro
2071 3627 2243 3702 quarn
2276 3653 2399 3686 ma-

167 3697 354 3765 sculino
394 3717 612 3769 genere
649 3711 891 3769 possunt
933 3700 1147 3769 accipi.
1202 3703 1261 3753 et
1296 3710 1548 3769 uterque
1583 3718 1783 3753 sensus
1813 3718 1933 3751 non
1968 3702 2120 3763 male
2148 3705 2398 3770 quadra-

167 3761 251 3815 hit.
288 3765 395 3818 imo
441 3766 662 3820 utrovis
701 3771 873 3821 modo
910 3770 1267 3835 transferas,
1320 3768 1475 3820 idem
1508 3771 1621 3822 erit
1647 3787 1872 3822 sensus.
1953 3771 2208 3822 Tametsi
2241 3772 2396 3825 enim

169 3828 296 3884 Deus
331 3852 433 3889 sua
469 3835 688 3898 virtute
729 3837 982 3896 sustinet
1023 3839 1303 3907 fovetque
1345 3835 1645 3892 omnias'et
1678 3838 2036 3904 regitz'non
2062 3835 2261 3891 tamen
2294 3841 2397 3901 hic
2481 3874 2492 3900 z

164 3896 348 3958 *Paulus
387 3904 457 3956 de
495 3905 598 3955 illa
633 3906 945 3957 universali
990 3907 1424 3976 gubernatione
1463 3904 1755 3974 loquitur,
1815 3907 1917 3957 sed
1975 3908 2046 3959 de·
2094 3909 2396 3976 spirituali

172 3972 395 4043 tentum,
440 3989 590 4040 quae
618 3976 689 4027 ad
716 3970 1047 4028 Ecclesiam
1077 3977 1348 4041 pertinet.
1429 3976 1589 4027 Deus
1624 3974 1777 4025 enim
1810 3975 2032 4042 Spiritu
2064 3976 2397 4042 sanctifica-

171 4038 320 4088 tionis
357 4040 594 4102 diffusus
634 4049 725 4095 e'st
763 4061 871 4113 per
910 4046 1107 4096 omnia
1136 4044 1437 4095 Ecclesiae
1475 4045 1773 4107 membra,
1822 4055 1880 4096 et
1908 4044 2106 4098 omnia
2135 4047 2395 4112 comple·

176 4103 324 4157 ctitur
357 4119 456 4162 suo
499 4109 797 4179 imperio,
840 4123 903 4164 et
943 4114 1002 4162 in
1041 4109 1307 4163 omnibus
1345 4111 1602 4164 habitat.
1672 4113 1833 4166 Deus
1860 4124 2058 4172 autem
2089 4131 2204 4165 non
2230 4103 2393 4166 dissi-

178 4169 257 4251 det
279 4174 390 4245 ipse
418 4179 637 4231 secum.
678 4199 1085 4250 ergone-cesse
1115 4191 1235 4242 est,
1278 4189 1342 4232 ut
1369 4185 1476 4233 n'os
1509 4180 1571 4230 in
1611 4198 1790 4232 unum
1817 4183 2133 4248 coadunet.
2170 4183 2397 4255 'dequa

179 4243 435 4305 spirituali
476 4249 702 4320 unitate
740 4249 1017 4303 meminit
1044 4246 1348 4314 Christus,
1398 4250 1677 4318 Iohannis
1707 4250 1788 4314 17,
1817 4251 1895 4302 11.
1979 4251 2133 4302 Illud
2162 4247 2395 4319 quidem

180 4323 348 4372 yerum
373 4326 457 4368 est
483 4311 938 4385 g'eneraliter'dc
967 4319 1234 4371 omnibus
1266 4336 1382 4371 nen
1406 4317 1748 4386 homiuibus
1766 4330 1994 4371 tantum
2015 4357 2052 4382 ,Α
2078 4321 2175 4371 sed
2215 4311 2397 4380 etian‘t

183 4383 459 4439 creaturis:
524 4389 596 4440 In
632 4387 762 4459 ipso
803 4394 1036 4457 sumus,
1093 4378 1153 4442 et
1189 4393 1529 4457 movemur„
1578 4395 1639 4441 et
1682 4387 1950 4444 vicimus
1978 4391 2131 4457 (Act.
2161 4388 2401 4456 17‚28.).
