2820 4895
679 257 815 327 AD
882 253 1427 325 EPHESIOS
1492 254 1809 323 Car.1V.
2311 258 2400 319 43

146 426 365 482 utilitate
389 445 540 496 qttae
572 427 707 480 inde
732 424 1021 496 provenit.
1094 423 1326 477 Summa
1351 430 1468 476 est:
1523 422 1698 492 Quod
1730 425 2109 495 Evangelium
2133 438 2240 493 per
2269 438 2391 474 cer·

145 509 215 553 tos
238 498 483 549 homines
509 498 903 565 praedicatur,
952 494 1028 547 ad
1056 494 1118 546 id
1158 510 1362 546 munus
1390 493 1707 546 ordinatos
1727 532 1743 559 ,
1798 496 1950 548 hanc
1993 494 2399 548 oeconomiam

145 586 267 635 esse,
299 584 401 635 qua
434 569 717 621 Dominus
746 566 1074 623 Ecclesiam
1102 581 1268 618 suam
1298 563 1421 615 vult
1447 566 1795 632 gubernare,
1842 577 1905 617 ut
1936 567 2243 618 incolumis
2272 579 2398 614 ma-

143 648 260 690 neat
295 639 351 690 in
387 637 500 689 hoc
536 639 783 701 mundo,
835 647 895 688 et
923 637 1162 688 tandem
1194 634 1440 685 solidam
1474 650 1639 685 suam
1674 636 2088 701 perfectionem
2120 635 2395 685 obtineat.

146 710 417 760 Caeterum
445 711 642 760 mirari
673 709 798 779 quis
828 708 1042 776 possit,
1089 721 1199 759 cur,
1222 705 1455 768 Paulus,
1495 720 1673 772 quum
1703 705 1776 755 de
1800 707 2044 775 Spiritus
2076 705 2265 758 sancti
2294 702 2400 753 do-

146 779 217 829 nis
250 787 386 829 esset
421 796 645 842 sermo,
685 795 841 829 nuno
886 776 1089 829 officia
1130 776 1416 826 donorum
1446 774 1578 826 loco
1605 786 2046 828 commemoret.
2131 776 2399 841 Respon-

150 849 262 912 deo,
305 851 525 916 quoties
567 866 601 900 a
636 850 763 900 Deo
804 845 997 898 vocati
1040 844 1505 908 sunt-homines,
1547 844 1697 896 dona
1724 849 2052 897 necessario
2081 844 2400 897 coniuncta

150 930 245 967 esse
278 917 500 976 officiis,
551 925 741 987 neque
776 915 936 968 enim
974 915 1163 982 Deus,
1219 915 1673 981 Apostolos-aut
1715 915 1981 967 Pastores
2023 914 2398 976 instituendo,

150 983 331 1035 larvam
367 987 482 1036 illis
521 988 806 1038 duntaxat
847 986 1126 1053 imponit:
1181 984 1281 1034 sed
1312 983 1542 1034 dotibus
1579 984 1760 1034 etiam
1792 985 2061 1047 instruit,
2113 986 2233 1033 sine
2270 982 2400 1051 qui-
2453 1008 2458 1013 ·

152 1052 233 1103 bus
265 1054 367 1102 rite
399 1053 772 1105 functionem
815 1052 925 1102 sibi
957 1051 1280 1102 iniunctam
1327 1052 1490 1103 obire
1532 1063 1842 1120 nequeunt.
1947 1051 2216 1123 Quisquis
2260 1066 2399 1118 ergo

156 1121 239 1174 Dei
271 1125 614 1179 auctoritate
656 1120 1032 1174 constituitur
1058 1121 1362 1187 Apostolus
1381 1157 1398 1186 ,
1448 1136 1566 1173 non
1597 1122 1760 1173 inani
1790 1133 1844 1174 et
1872 1124 2025 1174 nudo
2055 1123 2265 1188 titulo,
2298 1120 2403 1172 sed

161 1193 377 1310 margdato
415 1193 597 1245 simul
638 1201 693 1244 et
718 1191 1009 1259 facultate
1049 1191 1346 1259 praeditus
1385 1200 1493 1244 est.
1595 1193 1765 1244 Nunc
1807 1193 2033 1262 singula
2075 1193 2249 1244 verba
2300 1207 2397 1243 ex-

218 1277 244 1311 n
274 1279 436 1316 amus.
514 1300 519 1306 ,
1027 1302 1033 1309 .

166 1275 217 1328 1²2
262 1331 300 1382 1.
365 1333 504 1399 Ipse
533 1331 709 1399 dedit.
779 1329 1040 1383 Primum
1066 1322 1392 1395 significat,
1428 1345 1545 1381 non
1576 1346 1697 1382 esse
1728 1329 1843 1382 hoc
1869 1330 2168 1383 inventum
2190 1327 2396 1380 huma-

167 1412 285 1464 num,
329 1401 431 1452 sed
462 1411 902 1452 sacrosanctam
936 1399 1152 1450 Christi
1191 1399 1644 1464 institutionem,
1696 1401 1849 1470 quod
1888 1401 2107 1468 regitur
2135 1400 2401 1452 Ecclesia

167 1466 288 1519 Verbi
315 1470 775 1538 praedicatione.
861 1470 1064 1545 Neque
1089 1471 1246 1520 enim
1278 1471 1536 1535 Apostoli
1568 1470 1758 1535 seipsi
1792 1480 2099 1541 crearunt,
2147 1469 2249 1521 sed
2282 1469 2401 1520 ele-

160 1537 511 1592 ctiiuerunta
544 1540 809 1592 Christo:
851 1555 1040 1609 neque
1080 1538 1251 1589 hodie
1289 1538 1388 1607 qui
1428 1541 1549 1590 veri
1590 1552 1724 1590 sunt
1754 1542 2049 1607 Pastores,
2089 1558 2150 1591 se
2180 1551 2402 1591 temere

155 1606 380 1674 ingerunt
408 1611 649 1681 proprio
679 1609 919 1660 arbitrio
938 1647 954 1672 ,
999 1610 1100 1661 sed
1136 1628 1167 1659 a
1192 1610 1447 1662 Domino
1475 1610 1820 1665 excitantur.
1863 1610 2110 1679 denique
2141 1609 2402 1677 regimen

153 1677 442 1747 Ecclesiae,
478 1680 645 1749 quod
682 1679 857 1731 Verbi
884 1679 1205 1730 ministerio
1237 1687 1660 1744 constat,.nou
1695 1680 1766 1731 ab
1799 1680 2133 1732 hominibus
2166 1680 2403 1745 excogi-

153 1755 337 1816 tatum,
378 1751 483 1802 sed
510 1767 545 1802 a
576 1750 725 1802 Filio
755 1749 860 1801 Dei
888 1749 1141 1817 positum
1171 1764 1291 1800 esse
1320 1749 1510 1801 docet.
1559 1751 1807 1817 proinde
1840 1760 2117 1819 tanquam
2154 1749 2400 1801 inviola-

152 1815 233 1869 hili
267 1823 378 1871 eius
424 1822 665 1872 decreto
709 1819 1227 1887 acquiescendum:
1280 1828 1334 1869 et
1371 1820 1700 1889 quicunque
1738 1821 1851 1872 hoc
1892 1814 2404 1872 ministerium'vel

126 1880 419 1955 ‘respuu‘nt,
475 1891 567 1943 vel
612 1898 1027 1961 aspernantur,
1079 1904 1177 1940 eos
1208 1890 1268 1939 in
1308 1888 1602 1941 Christum
1629 1900 1926 1941 auctorem
1951 1891 2195 1941 iniurios
2225 1898 2281 1939 et
2315 1906 2406 1961 re-

151 1956 294 2010 belles
322 1977 460 2013 esse.
545 1962 677 2027 Ipse
722 1974 861 2028 ergo
902 1967 989 2010 est
1029 1960 1126 2026 qui
1175 1957 1356 2010 dedit:
1413 1960 1577 2027 quia,
1616 1961 1723 2011 nisi
1750 1962 1994 2024 excitet,
2035 1960 2180 2013 nulli
2209 1967 2400 2011 erunt.

153 2026 286 2079 Unde
310 2026 484 2080 etiam
513 2028 883 2095 colligimus,
937 2030 1237 2081 neminem
1262 2029 1391 2079 fore
1420 2028 1696 2080 idoneum
1728 2040 1828 2081 aut
1859 2048 2059 2097 parem
2087 2042 2206 2080 tam
2234 2046 2402 2097 prae-

153 2096 281 2148 claro
302 2100 554 2167 muneri,
590 2099 706 2152 nisi
734 2099 832 2168 qui
859 2117 891 2150 a
920 2098 1152 2151 Christo
1180 2098 1462 2161 formatus
1494 2109 1552 2150 et
1575 2099 1765 2151 factus
1795 2100 1997 2152 fuerit.
2071 2101 2238 2170 Quod
2267 2114 2404 2165 ergo

150 2167 414 2237 Evangelii
444 2173 737 2223 ministros
765 2169 1080 2236 habemus,
1116 2168 1237 2221 eius
1265 2181 1351 2222 est
1375 2169 1626 2224 donum:
1683 2170 1839 2240 quod
1876 2169 2165 2221 excellunt
2204 2185 2403 2221 neces-

148 2241 287 2292 uriis
316 2241 519 2307 donis,
559 2241 687 2292 eius
715 2250 796 2293 est
826 2240 1071 2292 donum:
1113 2238 1266 2308 quod
1297 2256 1512 2303 munus*
1534 2239 1645 2297 sibi
1678 2242 2049 2292 commissum
2082 2254 2404 2310 exsequun-

154 2314 257 2375 tur,
290 2311 560 2388 similiter
585 2311 711 2363 eius
740 2311 958 2362 donum
986 2316 1093 2361 est.
1232 2310 1396 2362 Alios
1424 2309 1651 2376 quidem
1682 2312 2001 2376 Apostolos.
2091 2311 2282 2379 Quum
2309 2308 2404 2360 his

152 2393 326 2433 nomen
362 2397 545 2433 uuum
585 2390 647 2432 et
688 2397 929 2447 munus,
975 2378 1094 2432 illis
1134 2387 1332 2430 autem
1361 2378 1529 2430 aliud
1568 2380 1853 2449 assignat,
1908 2388 2136 2446 semper
2170 2379 2283 2431 hoc
2331 2379 2408 2432 ad

151 2446 283 2502 illam
324 2452 727 2504 diversitatem
765 2452 1159 2505 membrorum
1191 2447 1477 2514 refertur,
1521 2466 1589 2500 ex
1618 2467 1729 2519 qua
1757 2462 1954 2503 tamen
1988 2452 2242 2503 universi
2275 2466 2406 2501 cor-

151 2520 285 2587 poris
301 2522 1033 2591 integritas-constituitur2
1077 2531 1139 2572 ut
1170 2529 1291 2571 tam
1320 2519 1772 2578 aemulationem
1814 2531 1869 2571 et
1902 2520 2179 2572 iuvidiam
2225 2537 2405 2591 quam

154 2592 492 2649 ambitionem
534 2592 716 2643 tollat.
788 2594 919 2646 Hoc
961 2592 1113 2643 enim
1154 2600 1237 2642 est
1275 2591 1430 2659 quod
1475 2601 1710 2644 rectum,
1746 2590 2032 2641 donorum
2070 2609 2233 2642 usum
2275 2607 2406 2642 cor-

152 2664 388 2730 rumpit‚-
415 2665 558 2716 dum
592 2662 702 2716 sibi
742 2665 982 2732 quisque
1018 2660 1284 2711 addictus
1320 2670 1442 2725 est,
1495 2660 1632 2712 dum
1681 2662 1924 2730 quisque
1963 2661 2220 2713 eminere
2262 2660 2405 2726 vult,

154 2729 267 2782 dum
290 2732 398 2786 sibi
428 2732 677 2805 quisque
707 2731 928 2797 placet,
969 2732 1108 2784 dum
1132 2733 1382 2782 minores
1412 2731 1674 2782 invident
1699 2730 2034 2783 maioribus.
2124 2731 2410 2786 Admonet

151 2817 297 2869 ergo,
352 2803 601 2873 singulis
641 2802 863 2871 aliquid
898 2801 1132 2867 datum,
1188 2817 1304 2856 uon
1346 2808 1413 2852 ut
1445 2818 1706 2852 seorsum
1752 2803 1863 2853 sibi
1910 2803 2154 2868 quisque
2192 2801 2410 2852 habeat

154 2871 281 2939 quod
305 2876 561 2942 accepit:
599 2872 700 2924 ned
722 2882 782 2923 ut
808 2875 865 2924 in
893 2888 1201 2924 commune
1230 2888 1431 2923 omnes
1461 2871 1789 2924 conferant.
1863 2872 1951 2924 De
1978 2871 2213 2936 officiis,
2259 2887 2410 2940 quae

155 2938 230 2991 hie
250 2953 543 3008 recenset,
581 2943 850 2995 nonnihil
876 2943 1095 2994 dictum
1123 2941 1238 2993 fuit
1267 2940 1608 2993 duodecimo
1637 2941 1830 3008 capite
1861 2941 2069 3007 prioris
2100 2942 2168 2991 ad
2200 2942 2412 3000 Corin-

146 3008 297 3064 thios.
376 3016 493 3068 Hic
538 3021 766 3065 tantum
809 3013 1222 3082 perstringam,
1267 3022 1547 3081 quantum
1574 3012 1687 3063 loci
1715 3010 1997 3078 expositio
2029 3010 2298 3082 flagitare
2328 3010 2412 3061 vi·-

156 3078 372 3137 debitur.
470 3083 748 3152 Quinque
803 3085 1172 3135 functionum
1225 3083 1448 3151 species
1500 3090 1832 3145 enumerat,
1884 3081 1955 3138 de
1996 3083 2205 3151 quibus
2253 3081 2410 3134 varie
2460 3085 2464 3098 ’

147 3151 404 3220 disputari
449 3154 594 3208 scio.
643 3169 782 3204 nam
820 3164 881 3205 et
916 3154 1155 3223 quidam
1181 3167 1249 3202 ex
1279 3150 1498 3202 duabus
1520 3151 1834 3219 postremis
1861 3167 2034 3201 unam
2066 3161 2292 3202 tantum
2322 3151 2410 3201 fa·

160 3222 314 3275 ciunt.
393 3224 559 3294 Ego,
607 3223 853 3275 aliorum
876 3224 1102 3275 omissis
1130 3220 1534 3286 opinionibus,
1589 3222 1743 3292 quod
1769 3221 1917 3272 mihi
1947 3222 2167 3273 videtur
2192 3222 2408 3273 dicam.

157 3291 431 3359 Apostolos
473 3291 739 3360 a‘ccipio,
802 3297 920 3345 non
957 3291 1305 3363 generaliter
1342 3291 1657 3344 secundum
1692 3292 2145 3360 etymologiam,
2191 3290 2306 3344 ‘sed
2346 3292 2413 3342 in

157 3364 363 3430 propria
401 3363 868 3431 significatione,
916 3373 1022 3432 pro
1057 3361 1459 3420 selectioribus
1494 3362 1610 3414 illis
1641 3379 1781 3432 quos
1812 3362 2068 3414 Christus
2097 3364 2157 3413 in
2184 3361 2414 3430 praeci·

158 3444 310 3499 puum
333 3432 616 3485 honorem
646 3435 867 3497 evexit,
911 3431 1107 3506 quales
1135 3433 1370 3482 fuerunt
1399 3433 1719 3484 Duodecim
1738 3469 1753 3494 ,
1788 3431 1852 3482 in
1878 3434 2125 3500 quorum
2150 3430 2414 3484 ordinem

159 3513 327 3567 postea
378 3505 595 3556 ascitus
644 3503 755 3554 fuit
772 3503 1023 3558 ,Paulum
1111 3502 1351 3554 Illorum
1388 3502 1652 3554 officium
1693 3501 1807 3554 fuit
1841 3518 2305 3568 quaquaversum
2345 3501 2436 3552 in·

161 3578 262 3622 toto
284 3574 430 3625 ‘orbe
476 3574 773 3642 publicare
801 3572 1102 3642 Evangelii
1145 3573 1502 3639 doctrinam,
1558 3573 1826 3640 plantare
1854 3572 2171 3636 Ecclesias‚
2222 3574 2281 3623 et
2320 3586 2416 3622 re-

161 3655 311 3708 gumn
344 3643 563 3696 Christi
606 3645 852 3713 erigere.
932 3647 1022 3696 Ita
1063 3659 1184 3694 uon
1220 3641 1515 3694 habebant
1554 3642 1766 3710 singuli
1813 3643 2080 3711 proprias
2119 3633 2416 3694 Ecclesiae
2501 3653 2504 3660 ²

163 3710 255 3763 sibi
287 3715 624 3766 attributam
678 3713 785 3766 «sed
835 3715 1096 3765 omnibus
1140 3729 1447 3763 commune
1488 3712 1825 3763 mandatum
1868 3723 1992 3762 erat
2034 3710 2416 3779 praedicandi
2475 3773 2484 3778 V

164 3780 435 3852 Evangelii
481 3800 824 3854 quocunque
863 3785 1173 3852 venissent.
1261 3783 1340 3835 Iis
1378 3783 1625 3850 proximi
1671 3790 1841 3834 erant
1880 3771 2302 3849 Evangelistae,
2356 3789 2418 3832 et

165 3863 343 3905 munus
384 3855 565 3908 affine
601 3853 921 3907 habebant:
982 3864 1211 3906 tantum
1245 3853 1431 3936 gradu
1463 3852 1760 3920 dignitatis
1797 3862 1965 3910 erant
1999 3851 2297 3918 dispersu.-
2345 3866 2417 3901 ex

168 3935 263 3986 quo
298 3941 504 3992 genere
540 3933 709 3975 eraut
732 3923 1074 3976 Timotheus
1115 3932 1174 3973 et
1216 3922 1456 3975 similes.
1510 3940 1644 3974 nam
1672 3937 1848 3992 quum
1877 3921 1938 3972 in
1968 3920 2417 3973 salutationibus

167 3988 311 4044 illum
331 3995 436 4045 sibi
462 3995 725 4063 adiungit
747 3995 956 4046 Paulus
973 4030 990 4057 ,
1027 4010 1146 4044 non
1173 3999 1372 4052 tamen
1402 3992 1550 4059 facit
1573 3994 1636 4044 iii
1659 3991 1997 4061 Apostolatu
2028 3991 2279 4057 socium,
2315 3989 2417 4043 sed

168 4073 347 4113 nomen
373 4063 487 4115 hoc
516 4066 892 4132 peculiariter
915 4063 1025 4116 sibi
1058 4061 1330 4114 vindicat.
1402 4064 1560 4131 Ergo
1584 4063 1899 4115 secundum
1925 4062 2242 4128 Apostolos,
2277 4061 2417 4116 istn-
2469 4059 2474 4064 ’

171 4143 280 4181 rum
305 4133 641 4185 subsidiaria
674 4151 846 4203 opera
872 4137 1004 4186 usus
1037 4142 1124 4184 est
1149 4132 1453 4184 Dominus.
1524 4133 1628 4184 His
1671 4133 1892 4185 duobus
1932 4131 2242 4199 generibus
2269 4132 2417 4181 Pau-

172 4196 246 4250 lus
267 4202 603 4271 interposuit
619 4203 949 4271 Prophetas.
987 4220 1101 4272 quo
1129 4203 1367 4258 nomine
1392 4202 1557 4253 multi
1587 4202 1920 4270 intelligunt
1950 4218 2067 4270 eos,
2109 4203 2207 4268 qui
2235 4199 2419 4267 polle-

172 4266 292 4323 bant
314 4274 843 4340 don9micinandi
872 4274 941 4324 de
970 4274 1141 4326 rebus
1166 4272 1408 4326 futurist
1446 4272 1629 4341 qualis
1657 4268 1770 4340 fuit
1783 4272 2031 4340 Agabus.
2092 4273 2235 4340 Ego,
2274 4285 2415 4337 quo-

176 4339 309 4393 niam
332 4343 427 4395 hic
456 4347 645 4414 agitur
675 4344 744 4396 de
770 4343 1054 4409 doctrina,
1086 4344 1238 4395 malo
1258 4342 1634 4411 interpretari
1657 4341 2138 4414 quemadmodum
2163 4340 2241 4395 14.
2261 4339 2418 4406 prio·

178 4407 242 4462 ris
266 4412 334 4466 ad
357 4415 689 4469 Corinthios
704 4452 723 4486 ,
764 4431 872 4486 pro
901 4415 1131 4470 eximiis
1156 4413 1382 4468 scilicet
1400 4413 1839 4486 prophetiarum
1866 4410 2279 4483 interpretibus
2296 4447 2318 4480 ,
2356 4417 2423 4462 ut
