2820 4895
654 265 793 332 An
857 263 1445 334 HEBRAEOS
1480 264 1891 335 casm.
2319 266 2536 333 5192

117 439 506 516 sationiss
542 434 906 501 imitamini
948 431 1169 501 fldem.
1256 439 1354 501 *82-
1393 433 1939 502 lesusschristus
1966 432 2477 514 honestandos,

124 523 368 597 idem'
391 523 595 587 etiam
639 524 711 584 in
754 519 1041 587 saecula.
1142 525 1208 588 9.
1265 521 1619 586 Doctrinis
1644 524 1846 587 variis
1877 532 1945 584 et
1975 518 2356 608 peregrinis
2385 540 2477 599 ne

131 586 768 678 circumferamini.
865 604 1135 671 Bonum
1165 609 1344 672 enim
1372 610 1584 690 gratia
1617 628 1736 670 cor
1767 601 2151 671 confirmari
2196 626 2333 671 non
2372 608 2477 681 ci-

130 695 260 759 bis
280 740 307 772 ,
355 694 475 777 qui
500 688 677 758 nihil
700 688 1117 778 profuerunt
1140 695 1266 771 iis,
1307 695 1532 777 quiin
1561 690 1700 759 inis
1731 694 1988 760 versati
2015 701 2199 761 sunt.
2230 732 2239 739 -

299 816 362 874 7.
428 813 732 867 Memor-es
757 814 959 867 estoti.
1047 816 1214 886 Quae
1252 826 1621 885 sequuntur,
1668 833 1790 895 non
1820 826 1945 869 tam
1974 816 2044 867 ad
2068 832 2268 871 mores
2297 818 2478 888 quam

135 886 229 940 ad
272 884 614 938 doctrinam
659 882 991 952 pertinent.
1079 884 1279 937 Primo
1309 886 1439 937 loco
1468 886 1701 939 Iudaeis
1727 885 2062 955 exemplum
2097 902 2306 938 eorum
2337 902 2478 956 pro-

139 955 376 1026 ponit,
423 971 459 1007 a
501 950 719 1021 quihus
760 953 950 1011 edocti
991 953 1259 1017 fuerant3
1303 970 1372 1006 ac
1399 954 1638 1007 videtur
1662 955 2058 1023 ¹peculiariter
2084 953 2159 1006 ‹le
2187 952 2263 1009 iis
2284 942 2477 1023 loqui,

239 1024 260 1075 i
296 1020 636 1074 doctrinam
666 1038 699 1071 a
726 1038 787 1074 se
817 1021 1104 1074 traditam
1135 1021 1378 1092 proprio
1407 1025 1697 1091 sanguine
1723 1024 2206 1092 obsignaverant.
2292 1023 2479 1094 Quid-

193 1107 302 1143 am
336 1091 494 1143 enim
523 1089 921 1144 memorabile
953 1089 1259 1159 designat,
1291 1108 1480 1161 ,quum
1508 1093 1693 1144 dicit:
1748 1094 2044 1149 ,Intuentes
2082 1094 2298 1144 exitum
2338 1109 2476 1143 con·

139 1160 564 1212 versationi&
630 1159 895 1211 Tametsi
933 1157 1094 1213 nihil
1133 1159 1415 1227 impedit,
1467 1161 1786 1229 quominus
1823 1157 2201 1231 generaliter‘
2226 1160 2345 1211 hoc
2384 1159 2478 1212 in-

145 1228 515 1297 telligamus
556 1226 627 1278 de
664 1224 776 1294 iis,
825 1227 922 1295 qui
960 1225 1022 1278 in
1063 1245 1200 1281 sana
1238 1228 1321 1291 fid
1396 1228 1470 1279 ad
1505 1238 1832 1282 extremum
1861 1246 2042 1298 usque
2071 1229 2476 1296 perstiterant,
2570 1239 2577 1247 '

157 1302 229 1350 ct
268 1304 402 1349 tam
441 1295 503 1347 in
542 1303 737 1347 morte
779 1312 956 1366 quam
996 1304 1123 1348 tota
1157 1298 1276 1348 vita
1364 1297 1496 1361 dele
1523 1315 1702 1350 sanae
1732 1296 2039 1361 doctrinae
2065 1296 2476 1351 testimonium

146 1365 577 1433 reddiderant,
663 1363 807 1432 Hoc,
828 1373 1030 1418 autem
1055 1381 1177 1417 non
1195 1360 1416 1434 'parunt
1440 1364 1605 1435 'valet
1623 1404 1640 1433 ,
1691 1367 1849 1435 quod
1878 1380 2018 1418 suos
2047 1360 2173 1419 illis
2202 1366 2478 1419 doctores

156 1434 239 1487 ad
273 1433 637 1486 imitandum
665 1433 974 1502 proponit.
1058 1435 1210 1510 Nam
1239 1416 1340 1505 qui
1371 1450 1483 1487 nos
1514 1433 1852 1488 in‘Christo
1886 1444 2262 1503 genuerunt,
2311 1433 2497 1507 quasi«

154 1512 416 1574 patrum
438 1502 573 1553 loco
606 1519 729 1554 esse
760 1500 935 1554 nobis
960 1502 1196 1555 debent.
1284 1503 1483 1572 Quum
1515 1520 1658 1573 ergo
1686 1520 1785 1555 eos
1819 1504 2097 1573 vidissent
2124 1504 2348 1573 partim
2379 1503 2476 1557 in-

156 1582 264 1625 ter
295 1587 501 1622 saevas
536 1570 1067 1642 persequutiones,
1106 1570 1327 1639 partim
1357 1571 1520 1626 inter
1552 1572 1714 1625 varia
1744 1574 2101 1640 certamina,
2137 1583 2477 1643 constantes
2523 1606 2526 1611 ·

95 1706 102 1713 ἱ
163 1649 231 1693 et
259 1638 592 1708 infractos,
632 1630 851 1693 merito
882 1639 1177 1693 debebant
1208 1641 1341 1711 plus
1369 1644 1621 1695 moveri.

305 1720 367 1781 8.
443 1723 606 1776 Iesus
627 1714 899 1791 'Christus
925 1724 1072 1778 heri.
1154 1728 1326 1780 Haec
1358 1726 1535 1782 unica
1576 1735 1667 1780 est
1705 1726 1897 1794 ratio,
1943 1741 2058 1796 qua
2080 1722 2142 1778 in
2168 1734 2331 1780 recta
2358 1725 2480 1782 side

123 1801 546 1863 ¹,‚perstemus,
590 1792 643 1847 si
680 1793 1010 1847 retinemus
1047 1793 1765 1865 fundamentum,.neque
1805 1796 1879 1849 ah
1917 1812 1989 1847 eo
2030 1794 2126 1847 vel
2165 1794 2477 1864 tantillum
2556 1848 2565 1857 ,

163 1861 543 1916 discedimus.
617 1861 731 1933 Qui
765 1861 923 1915 enim
949 1863 1259 1917 Christum
1287 1882 1409 1918 non
1441 1875 1642 1933 tenet,
1700 1863 1939 1917 etiamsi
1979 1864 2221 1919 coelum
2250 1873 2317 1925 ‚et
2358 1873 2477 1919 ter·
2520 1874 2527 1879 ‘

157 1947 298 1985 ram
349 1929 848 1999 comprehendat,
904 1931 1058 1984 nihil
1096 1951 1158 1985 sa
1204 1935 1250 1987 it
1285 1934 1396 1988 nisi
1431 1951 1659 1987 meram
1692 1930 2058 1997 ‘vanitatem3
2121 1933 2184 1985 in
2228 1932 2475 1986 Christo
2502 1962 2516 1975 κ

166 1999 339 2063 enim
375 1999 595 2051 inclusi
629 2007 767 2071 sunt
811 2017 1017 2061 omnes
1055 1951 1330 2056 coelestis
1369 2004 1695 2072 sapientiae
1737 2001 2039 2063 thesauri„
2090 2002 2340 2055 Proinde
2371 2000 2476 2057 hie

171 2078 269 2122 est
305 2067 552 2136 insignis
592 2067 795 2136 locus,
843 2085 915 2122 ex
953 2085 1069 2139 quo
1101 2070 1426 2138 discimus,
1474 2089 1596 2133 non
1629 2070 1808 2124 aliam
1846 2078 2015 2123 recte
2050 2088 2112 2125 sa
2157 2071 2315 2123 iendi
2348 2087 2507 2125 esso·

170 2135 485 2204 regulam,
548 2152 724 2206 quam
766 2148 833 2191 ut
874 2139 1145 2195 sistamus
1183 2156 1385 2195 omnes
1426 2149 1660 2195 nostros
1697 2157 1900 2194 sensus
1940 2132 2003 2192 'in
2045 2157 2110 2192 so
2141 2156 2175 2191 o
2216 2137 2480 2194 Christo.

173 2205 498 2258 Caeterum
533 2206 671 2274 quia
716 2223 852 2260 cum
880 2206 1119 2261 Iudaeis
1135 2210 1408 2279 '‘agebat,
1460 2212 1670 2276 docet,
1725 2208 2033 2273 Christum
2062 2206 2300 2278 semper
2329 2223 2476 2271 eun-

173 2275 314 2328 dem
361 2273 760 2343 principatum
800 2279 1098 2338 tenuisse,
1156 2295 1333 2359 quem
1365 2278 1550 2331 hodie
1589 2287 1781 2345 tenet,
1827 2293 1896 2329 ac
1934 2293 2172 2348 semper
2209 2277 2297 2331 sui
2338 2276 2476 2331 fore

171 2341 441 2397 similem
464 2332 651 2414 usque
681 2344 755 2396 ad
778 2343 959 2396 finem
985 2347 1208 2403 mundi.
1289 2347 1468 2414 Heri,
1519 2345 1752 2417 inquit,
1802 2361 1855 2399 ct
1878 2346 2082 2414 hodie,
2119 2347 2264 2398 idem
2295 2336 2497 2398 etiam*

155 2415 245 2467 ‚in
273 2413 546 2480 saecula,
626 2414 794 2467 uibus
823 2413 1016 2467 verbis
1052 2413 1392 2484 significat,
1432 2415 1762 2483 Christum,
1798 2413 1900 2486 qui
1925 2432 2082 2469 nunc
2110 2414 2329 2472 mundo
2358 2414 2480 2469 fuit

176 2481 475 2536 exhibitus
498 2520 520 2552 ².
564 2497 605 2546 a,
659 2482 838 2535 initio
868 2483 1422 2556 mundi‘regnasse,
1469 2504 1582 2540 nec
1614 2485 1866 2539 ulterius
1892 2484 1983 2539 fas
2013 2501 2138 2539 esse
2167 2501 2274 2554 pro
2320 2482 2474 2547 redi,
2564 2501 2581 2513 κ

180 2549 499 2622 postquam
536 2551 609 2605 ad
649 2566 786 2604 eum
875 2564 1190 2608 erventum
1230 2553 1339 2607 est.
1427 2556 1573 2608 Heri
1610 2571 1754 2625 ergo
1783 2563 1980 2609 totum
2008 2553 2242 2608 Veteris
2323 2562 2477 2607 esta·

176 2619 371 2674 menti
399 2568 1119 2690 tempusssomplectitur,
1156 2641 1225 2676 ac
1255 2640 1329 2676 ne
1400 2626 1494 2678 uis
1519 2624 1782 2677 subitam
1813 2621 1991 2693 paulo
2024 2633 2162 2693 post
2185 2621 2480 2676 mutatio-

176 2706 318 2742 nem
374 2698 783 2757 exspectaret,
849 2688 992 2758 quia
1034 2708 1240 2746 recens
1285 2642 1481 2747 adffiuc
1526 2704 1652 2745 erat
1693 2690 2003 2762 Evangelii
2050 2690 2479 2762 promulgatio,
2571 2756 2579 2765 ,

162 2757 564 2829 pronuntiat,
622 2758 726 2814 sic*
751 2774 949 2828 nuper
982 2761 1314 2815 revelatum
1354 2780 1479 2816 esse
1510 2760 1852 2829 Christum,
1887 2771 1959 2815 nt*
1977 2771 2271 2842 perpetuo
2302 2760 2480 2816 duret

53 2873 64 2890 ,
95 2849 106 2854 -
180 2826 393 2880 eadem
422 2824 548 2886 eius
571 2825 861 2894 cognitio.
946 2826 1105 2882 Hinc
1133 2841 1418 2900 apparet,
1456 2849 1578 2890 non
1608 2832 1680 2883 de
1705 2841 1945 2884 aeterna
1969 2827 2194 2885 Christi
2224 2832 2481 2883 essentia.

183 2894 534 2964 Apostolum
559 2894 902 2963 disputare,
936 2897 1037 2950 sed
1066 2899 1138 2952 de
1164 2900 1294 2954 eius
1320 2901 1535 2953 notitia
1553 2938 1573 2969 ,
1610 2916 1762 2971 quae
1790 2899 2067 2972 pmnibus
2095 2898 2353 2954 saeculis
2387 2898 2481 2951 vi-

182 2965 315 3035 guit
355 2964 519 3015 inter
560 2965 723 3034 pios,
774 2980 844 3016 ac
883 2977 1241 3035 perpetuum
1279 2970 1591 3030 Ecclesiae
1627 2969 2079 3023 fundamentum
2117 2966 2260 3022 fuit.
2329 2967 2482 3022 Cer-

182 3046 314 3088 tum
348 3031 585 3103 quidem
630 3042 754 3100 est,
803 3034 969 3104 prius
997 3035 1179 3091 fuisse
1208 3037 1547 3107 Christum,
1570 3051 1575 3058 '
1597 3054 1776 3110 quam
1805 3039 2088 3091 virtutem
2114 3038 2283 3091 suam
2312 3051 2481 3090 exse-

184 3110 367 3157 reret.
449 3100 559 3155 Sed
598 3117 758 3155 nunc
799 3103 1143 3172 quaeritur,
1197 3107 1343 3177 quid
1376 3117 1603 3163 tractet
1630 3105 1967 3177 Apostolus.
2040 3106 2183 3160 Ideo
2220 3105 2360 3158 dico
2400 3102 2478 3158 ad

185 3170 534 3242 qualitatem
565 3175 655 3234 (ut
681 3170 770 3223 ita
793 3172 1032 3243 loquar)
1056 3176 1273 3228 referri
1300 3175 1462 3231 hunc
1490 3193 1848 3242 sermonem,
1882 3191 2006 3227 non
2032 3177 2106 3229 ad
2132 3174 2478 3244 essentiam,

187 3240 321 3311 quia
348 3256 466 3292 non
497 3237 855 3308 disputatur,
894 3258 969 3294 an
1001 3239 1277 3297 aeternus
1305 3246 1493 3299 fuerit
1519 3247 1676 3318 apud
1702 3243 1933 3298 Patrem
1953 3282 1968 3309 ,
2002 3243 2105 3296 sed
2134 3241 2323 3313 qualis
2352 3242 2485 3297 fue·

137 3347 154 3372 r
188 3309 276 3361 rit
303 3308 427 3361 eius
453 3309 660 3362 notitia
682 3307 845 3363 inter
871 3310 1170 3366 homines.
1229 3315 1550 3368 Caeterum
1580 3313 1987 3369 manifestatio
2005 3310 2255 3378 Christi,
2292 3327 2484 3382 quau-

187 3387 314 3432 tum
338 3375 412 3429 ad
440 3379 1036 3448 externamspeciem
1068 3391 1128 3433 et
1154 3382 1397 3436 modum
1417 3422 1434 3450 ,
1483 3385 1713 3440 diversa
1754 3382 1993 3454 quidem
2029 3381 2148 3435 fuit
2185 3381 2292 3435 sub
2320 3382 2480 3451 Lege

191 3447 265 3500 ab
302 3462 404 3513 ea,
488 3464 631 3504 uam
670 3447 848 3502 hodie
887 3448 1209 3514 habemus3
1255 3452 1360 3504 sed
1385 3452 1447 3505 id
1474 3458 1595 3507 n‘on
1620 3454 1855 3519 obstat,
1902 3450 2226 3522 quominus
2255 3463 2393 3510 vere
2420 3459 2487 3503 et

187 3517 427 3595 proprie
472 3516 611 3637 Bias}
636 3517 983 3586 Apostolus,
1019 3517 1275 3584 eundem
1300 3538 1538 3591 semper
1563 3539 1689 3584 esse
1717 3521 2047 3589 Christum,
2081 3518 2151 3573 in
2180 3534 2360 3589 quem
2384 3534 2485 3571 re·-

191 3593 450 3654 spiciunt
557 3602 588 3637 e
616 3602 694 3640 es.
2334 3600 2348 3606 “
2456 3610 2467 3618 “

320 3667 375 3722 9.
448 3668 758 3724 Docti-inis
798 3671 1004 3726 variis.
1089 3672 1348 3745 Colligit
1386 3692 1509 3729 non
1554 3692 1683 3730 esse
1706 3651 2165 3735 =fluctuantium,
2215 3668 2483 3739 quando-

192 3733 425 3808 quidem
462 3736 583 3791 fixa
621 3751 709 3793 cst
736 3739 964 3795 Christi
1004 3742 1257 3809 veritas,
1305 3743 1368 3796 in
1405 3762 1524 3816 qua
1562 3762 1672 3798 nos
1713 3743 2331 3808 consistere'oportet.
2400 3738 2483 3791 Et

113 3853 128 3858 -
195 3815 355 3859 certe
405 3806 547 3859 hinc
594 3808 942 3877 opinionum
993 3811 1282 3883 varietas,
1330 3812 1479 3866 hinc
1520 3830 1697 3867 omne
1736 3808 2232 3884 superstitionum
2273 3822 2481 3875 genus,

193 3873 328 3929 hinc
368 3873 568 3928 omnia
608 3892 883 3932 errorum
921 3890 1227 3948 monstra,
1263 3881 1427 3935 ‘hinc
1467 3882 1729 3953 denique
1771 3897 1975 3935 omnes
2007 3877 2120 3932 reli
2165 3876 2323 3928 ionis
2350 3891 2485 3928 cor-

198 3944 482 4010 ruptelae,
525 3960 710 4026 quum
736 3944 797 3998 in
820 3948 949 4002 solo
979 3948 1226 4004 Christo
1256 3967 1379 4003 non
1409 3961 1627 4006 statur.
1697 3950 1909 4021 Neque
1935 3948 2095 4002 enim
2118 3953 2124 3958 ’
2152 3954 2350 3999 tustra
2375 3945 2484 3997 do·-

199 4021 293 4066 cet
319 4012 568 4080 Paulus,
606 4030 810 4082 ipsum
830 4017 1003 4070 nobis
1033 4034 1160 4073 esse
1186 4020 1392 4073 datum
1419 4035 1455 4072 a
1480 4022 1613 4074 Deo
1641 4021 1706 4073 in
1730 4017 1859 4089 sapi
1900 4019 2129 4081 utiam„
2167 4015 2344 4084 >Ergo
2371 4012 2486 4067 hu-

198 4082 288 4133 ius
310 4080 683 4136 leci'summa
711 4094 836 4152 cst,
872 4095 942 4140 ut
968 4085 1144 4140 nohis
1172 4095 1409 4141 constet
1433 4088 1610 4143 firma
1634 4090 1752 4143 Dei
1779 4105 1852 4141 ve
1961 4082 2023 4154 ‘s,
2057 4085 2124 4138 in
2154 4082 2282 4137 solo
2307 4081 2483 4150 Chri—

198 4158 288 4205 sto
325 4151 821 4221 acquiescendum
856 4171 1005 4209 esse.
1090 4156 1263 4209 Unde
1300 4156 1685 4228 colligimus,
1738 4173 1980 4224 omnes,
2031 4153 2137 4222 qni
2178 4150 2484 4205 Clu'i‘tm

197 4220 2308 4352 {5⁰:⁸3²flaminem:statuas?‘’stass“*mzzzss
2335 4233 2499 4357 εἷς

197 4358 567 4426 Papistaru'm
603 4375 893 4429 acumen,
945 4329 1050 4431 qu’i
1078 4364 1449 4417 contrarium
1479 4381 1644 4418 reme
1686 4364 1816 4420 inm
1839 4360 2018 4435 prossi
2064 4356 2245 4439 unffi&
2261 4354 2484 4438 Θξῐῦῐξ·

197 4429 303 4482 bus
327 4429 777 4499 excogitarunt,
813 4445 1054 4504 nempe·
1079 4429 1130 4486 si
1172 4432 1471 4504 exstincta
1505 4433 1586 4487 sit
1619 4433 1716 4492 vol
1738 4431 1991 4505 sepulta
2067 4428 2483 4497 lii-isunnam·
2552 4481 2555 4490 .

219 4527 246 4544 S

1571 4711 1589 4740 S
