2820 4895
578 265 715 332 an
777 219 1469 336 Timornsom
1522 215 1610 331 If.
1679 265 1837 334 cn».
1878 267 1931 333 ι.
2276 271 2402 336 307

125 434 341 488 videtur
365 433 738 505 significatio.
807 434 1095 504 siquidem
1121 432 1277 488 hanc
1306 435 1475 504 ⁷quasi
1501 444 1704 489 notam
1730 434 2041 508 adscripsit
2064 435 2275 490 Paulus
2302 453 2394 492 sa·
2433 487 2438 490 ,

124 522 229 558 nae
256 505 548 560 doctrinae
566 544 583 572 ,
634 517 699 560 nt
727 505 979 557 sciamus
999 542 1015 570 ,
1060 505 1205 574 quid
1233 505 1565 572 contineat,
1618 515 1680 572 et
1708 523 1857 576 quae
1883 507 1960 559 sit
1988 506 2111 558 eius
2144 523 2390 573 summa,

127 591 291 645 quam
327 584 512 628 totam
551 592 654 628 suo
691 590 858 627 more
893 576 968 628 ad
1003 574 1179 627 fidem
1211 577 1613 628 etcaritatem
1642 585 1895 630 revocat.
1967 576 2056 646 Et,
2079 587 2391 647 utramque

127 646 415 700 constituit
452 647 512 696 in
541 645 806 698 Christo:
852 654 916 697 ut
943 654 1100 700 certe
1123 646 1247 698 eius
1274 647 1530 715 cognitio
1555 646 1899 699 duobushis
1924 648 2198 699 membris
2223 664 2392 715 prae—

125 717 283 783 cipue
318 724 563 768 constat.
647 717 903 768 Tametsi
943 714 1102 767 enim
1122 724 1229 770 „est
1267 717 1549 769 articulus
1590 716 1929 784 singularis,
1978 718 2075 785 qui
2117 716 2395 769 cohaeret

125 801 251 837 cum
283 786 556 842 Caritatis
590 785 858 838 nomine:
906 784 1065 839 idem
1100 793 1296 854 tamen
1331 786 1402 838 de
1427 786 1557 839 fide
1595 786 2054 859 subaudiendum
2092 797 2199 840 est.
2275 787 2395 857 Qui

124 863 343 912 vertunt
369 858 516 909 Cum
544 855 747 913 fide-et
771 854 1050 921 caritate,
1087 853 1245 908 hunc
1269 856 1496 910 faciunt
1525 872 1754 909 sensum
1773 892 1792 920 ‚
1829 866 1897 911 ut
1922 856 2264 909 Timotheus
2291 873 2393 909 sa-

123 941 227 977 nae
264 925 560 978 doctrinae
593 925 873 994 adiungat
908 925 1144 994 pietatis
1171 933 1237 986 et
1259 927 1523 979 caritatis
1553 925 1850 979 affectum.
1917 929 2128 980 Fateor
2155 926 2391 996 quidem

121 996 404 1049 neminem
440 1013 609 1065 posse
643 995 708 1049 in
739 1010 894 1048 sana¹
924 995 1190 1052 doctrina
1219 995 1473 1049 fideliter
1499 1011 1871 1065 perseverare
1890 1033 1909 1063 ,
1956 995 2084 1048 nisir
2112 998 2213 1065 qui
2256 1013 2391 1049 vera

120 1065 235 1133 ipse
248 1061 371 1118 -fide
399 1076 457 1120 et
477 1066 703 1119 sincera
730 1068 972 1118 caritate
999 1066 1296 1135 praeditus
1325 1074 1429 1118 est.
1498 1067 1714 1126 Verum
1739 1066 1900 1136 prior
1924 1066 2207 1135 expositio
2236 1068 2392 1133 (meo
2489 1127 2495 1138 ,

123 1134 355 1204 iudicio)
383 1136 584 1190 melius
613 1135 894 1205 quadrat:
929 1144 997 1200 ut
1012 1136 1223 1189 Paulus
1254 1136 1550 1204 exegetice
1575 1137 1893 1205 exprimat,
1932 1136 2133 1205 quales
2160 1137 2277 1189 sint
2300 1137 2394 1190 illi
2493 1145 2524 1198 J

123 1217 437 1275 sermones,
485 1215 546 1259 et
585 1205 749 1262 cuius
789 1206 906 1258 sint
945 1206 1291 1276 argumenti.
1362 1206 1667 1259 Summam
1697 1216 1892 1260 autem
1915 1205 1979 1257 in
2006 1205 2123 1258 fide
2150 1215 2209 1258 et
2238 1208 2394 1258 cari·
2507 1219 2512 1226 ¹

121 1283 235 1328 tate
269 1275 440 1330 sitam
479 1293 603 1330 esse
639 1275 1014 1347 pronuntiat,
1072 1291 1321 1348 quarum
1363 1276 1497 1330 fons
1537 1292 1608 1330 ac
1651 1276 2008 1348 principium
2045 1285 2133 1330 est
2173 1275 2393 1332 Christi

121 1361 154 1397 c
223 1345 407 1401 nitio..
671 1355 681 1366 “
970 1349 975 1352 ’
2165 1385 2168 1388 -
2369 1383 2376 1388 -

155 1361 220 1415 og
248 1416 330 1470 14.
401 1416 717 1484 Egregium
763 1415 1085 1485 depositum
1127 1417 1375 1472 custodi,
1445 1415 1647 1472 Latius
1686 1424 1853 1487 patet
1887 1415 2006 1472 ista
2044 1414 2394 1474 exhortatio.

118 1482 383 1537 hortatur
404 1485 598 1552 enim,
635 1489 701 1538 ut
724 1483 1034 1555 respiciat,
1079 1487 1223 1557 quid
1247 1487 1359 1539 sibi
1389 1486 1594 1544 datum
1622 1489 1700 1541 sit
1730 1506 1766 1543 a
1790 1491 1950 1555 Deo,
1991 1496 2051 1539 et
2074 1496 2238 1539 tanto
2264 1486 2395 1557 plus

122 1554 288 1607 studii
313 1562 372 1606 et
397 1554 740 1625 diligentiae
764 1556 1103 1625 impendat,
1136 1566 1358 1627 quanto
1387 1557 1755 1612 excellentius
1779 1568 1866 1612 est
1892 1556 2239 1626 depositum.
2291 1574 2394 1609 ne-

122 1641 227 1693 que
264 1625 417 1679 enim
452 1627 543 1679 rei
580 1625 830 1695 vulgaris
870 1636 1005 1679 tam,
1030 1643 1229 1680 severe
1256 1628 1404 1680 solet
1431 1629 1580 1697 exigi
1608 1630 1780 1688 ratio.
1854 1631 1937 1680 Ac
1961 1628 2227 1696 Depositi
2259 1628 2394 1696 qui-

126 1694 247 1745 dem
282 1695 552 1762 nomine,
602 1705 726 1748 tam
766 1696 1078 1748 ministerii
1118 1697 1400 1750 honorem
1440 1715 1615 1767 quam
1660 1700 1822 1751 dotes
1865 1715 2064 1750 omnes
2103 1696 2392 1765 intelligo,

126 1764 318 1833 quibus
343 1764 665 1819 instructus
696 1776 821 1828 erat
846 1766 1207 1823 Timotheus.
1275 1767 1389 1820 Alii
1416 1768 1488 1821 ad
1518 1769 1905 1823 ministerium
1930 1769 2118 1822 solum
2143 1769 2398 1828 restria-e,

123 1842 286 1902 gunt:
340 1836 506 1905 atqui
533 1837 893 1905 potissimum
922 1854 989 1889 ea
1023 1837 1218 1890 notari
1245 1847 1423 1907 puto,
1474 1855 1623 1908 quae
1647 1840 1774 1909 ipso
1805 1839 2130 1893 ministerio
2158 1838 2391 1907 potiora

124 1913 311 1972 erant,
360 1922 574 1975 nempe
611 1907 807 1958 omnia
835 1906 1085 1974 Spiritus
1122 1908 1310 1976 dona,
1363 1908 1570 1977 quibus
1604 1910 1944 1966 excellebat.
2009 1910 2239 1961 Nomen
2268 1910 2393 1961 De-

121 1974 283 2043 positi
307 1974 420 2028 alio
452 1992 683 2046 quoque
709 1986 979 2044 respectu
1005 1986 1247 2047 usurpat
1264 2016 1281 2044 ,
1318 1988 1385 2029 ut
1413 1980 1750 2033 meminerit
1775 1977 2114 2032 Timotheus
2138 1978 2392 2031 redden-

126 2042 251 2096 dam
290 2045 606 2117 aliquando
654 2062 777 2099 esse
817 2047 1121 2103 rationem.
1205 2047 1476 2101 fideliter‘
1506 2051 1664 2102 enim
1707 2049 2236 2103 administrandum
2282 2056 2392 2114 est,

123 2114 386 2184 quicquid
414 2117 580 2170 nobis
609 2116 905 2169 commisit
932 2118 1110 2171 Deus.
1180 2118 1257 2169 Et
1293 2116 1356 2173 τὸ
1390 2115 1566 2173 καλόν
1594 2136 1699 2189 pro
1732 2119 1945 2171 eximio
1975 2117 2066 2170 vel
2093 2118 2395 2187 praeclaro

124 2184 356 2253 capitur.
422 2187 624 2257 itaque
651 2202 769 2238 non
797 2186 950 2238 male
979 2189 1253 2241 Erasmus
1281 2188 1594 2256 Egregium
1624 2190 1851 2258 posuit,
1902 2189 2194 2256 notandae
2221 2204 2391 2257 prae-

126 2257 363 2329 stantiae
397 2273 606 2319 causa:
655 2272 829 2326 quam
857 2257 1183 2309 versionem
1211 2274 1273 2310 se
1317 2266 1491 2310 nutus
1519 2275 1668 2312 sum.
1743 2257 1856 2312 Sed
1886 2275 2036 2327 quae
2076 2266 2164 2312 est
2201 2257 2419 2311 custo?

125 2324 305 2379 diendi
328 2328 482 2381 ratio
498 2324 526 2377 2
579 2343 653 2378 ne
679 2326 907 2379 scilicet
930 2327 1148 2379 inertia
1172 2343 1277 2378 nos
1400 2338 1635 2397 pereat,
1665 2328 1820 2400 quod
1845 2328 1906 2379 in
1935 2345 2040 2381 nos
2066 2330 2225 2381 Deus
2255 2345 2394 2380 con·

124 2393 279 2463 tulit,
328 2397 419 2450 vel
454 2408 698 2466 propter
730 2396 1208 2467 ingratitudinem
1237 2396 1329 2450 vel
1354 2396 1602 2452 abusum
1631 2398 1952 2455 auferatur.
2024 2398 2199 2452 Multi
2233 2398 2394 2452 enim

125 2465 392 2519 abiiciunt
413 2468 531 2522 Dei
561 2468 848 2538 gratiam,
899 2469 1069 2522 multi
1103 2485 1174 2521 ea
1209 2467 1330 2519 iam
1370 2478 1611 2539 accepta
1649 2486 1711 2523 se
1751 2470 1997 2539 privant«
2022 2485 2092 2520 ac
2128 2470 2401 2537 spoliant.

127 2537 403 2606 Quoniam
443 2546 645 2599 tamen
681 2540 806 2592 eius
847 2539 1141 2591 custodiae
1179 2536 1487 2590 difficultas
1514 2540 1662 2593 vires
1687 2534 1915 2592 nostras
1942 2539 2394 2608 superat,1ideo

126 2605 340 2660 adiicit:
383 2626 485 2676 per
502 2608 796 2676 Spiritum.
816 2622 1079 2662 sanctum
1098 2645 1117 2675 ,
1157 2624 1227 2659 ac
1255 2609 1305 2661 si
1335 2598 1586 2663 diceret:
1621 2611 1755 2662 Non
1782 2609 2014 2692 requiro
2050 2609 2150 2661 abs
2178 2619 2236 2661 te
2264 2609 2397 2678 plus

127 2691 286 2743 quam
313 2678 529 2746 possis;
564 2693 701 2730 nam
729 2678 883 2746 quod
909 2694 979 2728 ex
1005 2687 1066 2729 te
1089 2692 1206 2728 non
1232 2677 1414 2731 habes
1430 2716 1447 2745 ,
1489 2679 1738 2749 Spiritus
1764 2682 1875 2734 Det
1900 2678 2170 2733 sufficiet.
2241 2681 2401 2732 Hinc

126 2747 415 2829 sequitur,
473 2763 595 2799 non
640 2747 1025 2803 aestimandas
1080 2760 1203 2800 esse
1256 2747 1562 2803 hominum
1599 2750 1747 2811 vires
1792 2765 1862 2801 ex
1895 2748 2008 2802 Dei
2050 2748 2396 2818 praeceptis,
2466 2752 2472 2759 “

127 2831 253 2883 qma
271 2855 289 2884 ,
340 2817 517 2869 sicuti
556 2817 746 2870 verbis
783 2817 978 2885 iubet,
1026 2817 1111 2869 ita
1140 2818 1320 2871 etiam
1347 2819 1524 2872 verba
1552 2835 1657 2872 sua
1683 2819 1951 2871 cordibus
1978 2820 2300 2885 inscribit,'
2326 2836 2399 2872 ac
2445 2828 2450 2831 ’

126 2885 265 2938 vires
291 2887 711 2956 suppeditando
735 2887 945 2953 efficit,
974 2903 1050 2938 ne
1075 2886 1289 2940 frustra
1317 2887 1534 2943 iubeat.
1573 2890 1741 2960 Quod
1770 2890 2034 2959 sequitur
2064 2889 2136 2941 de
2165 2890 2401 2941 habita..

128 2956 273 3008 tione
299 2957 545 3025 Spiritus
582 2959 643 3009 in
683 2958 881 3022 nobis,
924 2955 1222 3026 significat
1256 2974 1533 3028 praesens
1578 2975 1702 3012 esse
1746 2960 1871 3014 eius
1900 2958 2182 3012 auxilium
2212 2957 2401 3012 fideli-

138 3021 262 3077 bus:
295 3025 470 3082 modo
504 3043 581 3079 ne
607 3026 720 3079 sibi
746 3026 1008 3089 oblatum
1037 3036 1331 3096 respuant.
1549 3027 1553 3031 ’
2105 3036 2108 3041 ”
2163 3056 2166 3063 κ

151 3146 171 3159 ,
253 3096 347 3150 15.>
382 3097 589 3149 'Nosti
618 3096 744 3149 hoc.
809 3096 1190 3150 Defectiones
1214 3097 1397 3166 istae,
1446 3114 1588 3180 quas
1619 3106 2075 3165 commemorat,
2124 3104 2400 3167 poterant

128 3162 427 3219 multorum
460 3174 774 3217 concutere
800 3167 1025 3219 animos
1044 3204 1062 3230 ,
1111 3175 1173 3219 et
1204 3167 1382 3220 simul
1418 3183 1655 3237 gignere
1680 3169 1869 3222 varias
1899 3167 2292 3237 suspiciones:
2335 3175 2401 3219 ut

124 3231 361 3287 solemus
397 3236 525 3287 fere
568 3240 765 3287 omnia
791 3236 853 3288 in
885 3237 1179 3301 sinistram
1206 3234 1438 3306 partem
1468 3239 1744 3306 arripere.
1813 3238 2114 3292 Eiusmodi
2151 3236 2400 3290 offendi-

127 3300 258 3354 culis
286 3305 542 3359 occurrit
565 3306 775 3357 Paulus
809 3323 951 3360 cum,
974 3307 1213 3360 heroica
1251 3308 1432 3360 animi
1471 3304 1854 3377 fortitudine,
1903 3317 1970 3361 ut
2014 3308 2154 3360 honi
2194 3322 2396 3359 omnes

130 3387 315 3426 eorum
352 3375 661 3446 perfidiam
702 3375 975 3429 detestari
1018 3377 1280 3444 discant,
1332 3378 1433 3447 qui
1471 3394 1702 3431 servum
1744 3377 1962 3431 Christi
2002 3378 2089 3430 ita
2128 3378 2395 3429 deserue-

125 3452 284 3510 rant,
333 3462 516 3527 quum
550 3445 701 3497 solus
741 3447 947 3516 capitis
994 3447 1082 3499 sui
1112 3446 1378 3515 periculo’
1402 3463 1773 3501 communem
1800 3449 2106 3500 sustineret
2134 3462 2400 3508 causam3

128 3525 303 3581 neque
330 3515 463 3568 ideo
494 3515 802 3583 vacillent,
856 3516 1259 3579 dumJPaulum
1302 3517 1496 3588 ipsum
1521 3517 1860 3587 intelligunt
1880 3518 2123 3570 mininie
2149 3516 2261 3569 Dei
2292 3532 2401 3584 ope

128 3580 371 3638 destitui.
437 3586 721 3638 Nominat
746 3593 942 3639 autem
972 3586 1112 3640 duos
1130 3624 1148 3655 ,
1187 3602 1330 3657 quos
1361 3588 1656 3640 credibile‘
1669 3596 1758 3640 est
1786 3587 1963 3640 fuisse
1987 3603 2129 3671 prae
2158 3587 2282 3639 aliis
2310 3602 2402 3639 ce-

128 3646 333 3719 lebres,
379 3663 446 3706 ut
487 3655 711 3707 aditum
745 3657 1086 3724 praecludat
1124 3672 1325 3710 eorum
1363 3658 1692 3711 calumniis.
1775 3659 1879 3710 Est
1920 3672 2079 3710 emm
2118 3656 2400 3708 usitatum
2489 3722 2490 3725 Ἴ

130 3723 429 3791 transfugis
470 3742 542 3778 ac
577 3725 822 3778 militiae
850 3725 1218 3793 Christianae
1245 3727 1668 3794 desertoribus,
1721 3744 1838 3797 quo
1881 3736 2045 3779 suam
2085 3727 2399 3797 turpitudi-

131 3803 256 3845 nem
308 3804 616 3863 excusent,
680 3812 1051 3866 quascunque
1101 3807 1340 3866 possunt
1382 3797 1820 3851 criminationes
1863 3796 2085 3865 fingere
2131 3798 2402 3855 adversus

130 3856 317 3912 fideles
344 3866 639 3948 et=probos
665 3864 966 3934 Evangelii
998 3866 1315 3921 ministros.
1386 3867 1691 3937 Phygellus
1721 3876 1779 3918 et
1796 3868 2226 3937 Hermogenes,
2265 3867 2405 3935 quia

132 3930 379 3982 sciebant
427 3934 721 4002 ignaviam
771 3952 935 3988 suam
995 3937 1204 3988 merito
1258 3935 1542 3989 infamem
1592 3952 1718 3988 esse
1770 3951 1938 4006 posse
1986 3937 2137 4004 apud
2183 3937 2404 4003 fideles,

135 3997 270 4050 adeo
308 4016 381 4053 ue
419 4004 750 4072 flagitiosae
790 4005 1071 4072 perfidiae
1113 4006 1409 4060 damnari:
1459 4022 1577 4058 non
1619 4004 1972 4058 dubitassent
1998 3994 2237 4059 Paulum
2274 4021 2405 4071 gra·
2501 4024 2518 4039 κ

133 4080 261 4120 vare
310 4070 443 4124 alsis
468 4073 817 4138 rumoribus,
862 4085 920 4127 et
946 4075 1317 4143 impudenter
1348 4075 1582 4129 laedere
1609 4076 1731 4127 eius
1757 4076 2178 4128 innocentiam.
2251 4077 2404 4143 Ergo

134 4133 361 4214 l'aulus,
403 4151 467 4193 ut
489 4136 685 4195 ‘fidem
709 4160 909 4209 eorum
937 4145 1254 4197 mendaciis
1283 4145 1556 4215 deroget,
1596 4154 1798 4197 notam
1817 4183 1835 4213 ,
1882 4161 2056 4215 quam
2086 4154 2406 4208 merentur,

136 4201 246 4283 illis
288 4208 488 4265 inurit.
558 4214 654 4266 Sic
683 4214 860 4267 etiam
890 4214 1064 4266 hodie
1093 4214 1371 4281 permulti
1390 4252 1407 4281 ,
1462 4215 1598 4284 quia
1632 4214 1721 4267 vel
1745 4226 1863 4268 non
1893 4215 2280 4267 admittuntur
2308 4213 2407 4266 hic

137 4287 194 4324 ιιι
219 4277 632 4351 ministerium,
659 4283 751 4334 vel
774 4278 951 4337 etiam
979 4283 1326 4338 abdicantur
1349 4284 1575 4336 honore
1601 4295 1840 4352 propter
1863 4301 2029 4337 suam
2056 4284 2404 4354 nequitiam,

68 4352 71 4357 ·
137 4342 222 4393 vel
259 4363 372 4399 non
414 4350 647 4406 aluntur
684 4353 888 4420 otiosi,
944 4354 1034 4405 vel
1064 4363 1397 4422 perpetrato
1425 4355 1583 4406 furto
1613 4363 1716 4406 aut
1739 4356 2095 4408 scortatione
2127 4354 2407 4422 aufugere

140 4425 437 4484 eoguntur:
482 4437 585 4490 per
616 4422 875 4478 Galliam
903 4422 1113 4478 deinde
1142 4434 1202 4478 et
1229 4424 1375 4479 alias
1399 4425 1668 4497 regiones
1701 4426 1992 4495 volitant,
2023 4440 2093 4478 ac
2122 4438 2407 4513 quaspun-

1570 4495 1716 4559 20*

1347 4586 1373 4611 Χ
