2820 4895
678 255 816 322 AD
865 256 1471 324 HEBRAEos
1530 262 1688 335 Car.
1726 264 1840 328 xl.
2246 276 2402 340 ’488

58 429 241 502 quod
280 430 463 484 Deus
491 424 826 496 promittit,
877 424 1023 494 quin
1049 425 1328 479 videatur
1351 427 1528 485 nobis
1556 446 1690 490 sero
1718 433 1962 504 venire,
2010 436 2173 495 sieut
2203 436 2397 497 fertur

58 500 304 551 veteri·
334 497 655 566 proverbio
677 514 694 549 z
746 495 944 549 Etiam
980 495 1252 548 celeritas
1297 497 1363 565 in
1398 498 1691 552 desiderio
1727 518 1895 556 mora
1922 513 2032 559 est.
2115 509 2396 579 Sequitur

58 581 294 639 postea
315 587 356 620 ε-
396 569 584 630 Ecce,
636 566 792 628 eius,
844 564 947 634 qui
983 581 1045 615 se
1080 564 1294 632 erigit,
1345 583 1468 620 non
1496 567 1612 621 erit
1641 568 1832 621 anima
1866 568 1930 624 in
1960 576 2094 654 ipso
2128 579 2387 643 stabilis3

58 648 126 690 at
174 641 395 691 justus
439 651 545 702 per
583 634 760 685 sidem
798 649 966 687 suam
1006 632 1173 685 vivet.
1248 634 1477 703 Quibus
1515 638 1714 690 verbis
1756 640 2095 712 denuntiat,
2146 648 2391 717 impios,

58 704 475 775 quibuslibet
506 701 816 770 praesidiis
844 700 1060 755 muniti
1088 702 1239 763 siut,
1282 712 1384 755 aut
1414 704 1740 771 confidant,
1778 726 1899 767 non
1929 721 2209 780 staturos,
2247 716 2388 787 quia

58 776 267 827 solido
309 774 431 824 vita
462 769 701 823 nonnisi
729 770 795 822 in
821 771 939 824 fide
968 771 1272 823 consistat.
1346 774 1622 826 Muniant
1663 793 1806 844 ergo
1844 795 1907 831 se
1939 779 2270 854 increduli,
2318 797 2390 841 fut
2443 780 2447 785 ⁵

58 836 344 897 [iuuerit
365 879 381 903 ‚
421 839 564 891 nihil
593 842 654 891 iu
682 849 811 891 toto
839 840 1056 893 mundo
1085 840 1195 891 nisi
1224 841 1881 913 caducum'reperieut,
1925 858 1991 901 ut
2016 866 2255 905 necesse
2283 855 2387 908 ha-

58 915 262 967 beant
304 908 639 962 identidem
683 909 1014 975 trepidare,
1045 917 1131 962 >at
1159 908 1290 977 pios
1323 909 1468 961 fides
1502 927 1612 964 sua
1638 929 1937 983 nunquam
1971 917 2383 993 frustrabitur,
2424 963 2433 980 .
2492 942 2497 953 ¹
2530 906 2541 925 '¹

58 983 221 1051 quia
251 981 316 1032 in
354 981 551 1031 Deum
580 978 889 1030 recumbit.
975 974 1091 1027 Hic
1120 976 1454 1044 Prophetae
1499 997 1699 1032 sensus
1741 992 1846 1035 est.
1878 1029 1883 1049 2
1930 988 2102 1041 Nunc
2136 993 2382 1059 Aposto-

58 1052 160 1103 lus
185 1089 204 1115 ‚
260 1048 429 1117 quod
467 1045 1150 1115 dea-'promissione'dicit
1182 1046 1492 1113 Habacuc,
1543 1049 1612 1099 ad
1655 1051 1847 1103 Deum
1885 1056 2188 1110 transfert.
2273 1062 2381 1113 Ve-

58 1137 209 1173 rum
303 1118 404 1168 uia
431 1118 597 1168 Deus
643 1114 1058 1183 promissiones
1097 1131 1228 1167 suas
1265 1115 1573 1183 implendo
1612 1134 1675 1168 se
1715 1119 1909 1186 ipsum
1949 1125 2379 1192 quodammodo

59 1200 248 1240 osten
301 1188 386 1237 it:
450 1186 621 1250 ideo,
680 1194 964 1251 quantum
1004 1183 1075 1234 ad
1117 1184 1209 1235 rei
1253 1201 1575 1250 summam,
1626 1203 1872 1254 parvum
1913 1200 2000 1244 est
2039 1188 2380 1251 discrimen.
2441 1212 2446 1219 ·

58 1248 302 1320 venit,
356 1256 639 1321 inquam,
692 1253 1017 1315 Dominus,
1067 1254 1298 1321 quoties
1332 1270 1570 1313 manum
1592 1271 1771 1323 ,suam
1801 1261 2018 1311 exserit
2046 1262 2115 1313 ad
2144 1281 2254 1319 nos
2283 1264 2381 1321 iu·

59 1325 329 1387 vandos.
408 1323 583 1373 Brevi
621 1321 738 1372 hoc
778 1320 1050 1372 futurum
1090 1320 1228 1381 dicit
1264 1322 1586 1401 APO⁸tOIU⁸
1622 1334 1763 1392 '9⁰⁸¹‘
1795 1327 2190 1398 P¹⁰Ph0²²m²
2239 1335 2380 1403 (μὴ

65 1397 243 1447 Deus
296 1390 585 1443 auxilium
624 1404 794 1441 suum
836 1405 955 1440 non
994 1389 1233 1459 longiut
1274 1391 1517 1457 dlffffl‘tv
1581 1409 1756 1461 quam
1806 1397 2067 1465 expedit·
2168 1403 2378 1471 N²q¹²0

68 1464 246 1515 enim
277 1464 515 1525 tempu&
558 1456 918 1510 extrahendo
962 1458 1182 1527 frustra
1227 1477 1333 1511 nos
1371 1459 1584 1524 lactat,
1637 1462 1811 1514 sicuti
1848 1464 2115 1523 homines
2149 1471 2407 1537 solentg.

69 1533 181 1582 sed
225 1529 750 1596 opportunitatem
794 1543 962 1579 suam
1003 1528 1202 1593 novit,
1250 1545 1429 1598 quam
1470 1530 1880 1584 effluerernon
1924 1535 2179 1604 patitur,
2228 1541 2375 1609 quin

67 1597 407 1652 subveniat
448 1597 505 1647 j„
543 1598 673 1664 ipso
713 1596 984 1648 articulo.
1067 1597 1227 1649 Dicit
1264 1608 1501 1651 autem:
1562 1596 1676 1664 Qui
1703 1616 1976 1655 venturus
2011 1619 2128 1672 est,
2156 1610 2377 1677 veniet,

69 1683 131 1720 et
173 1685 296 1718 non
338 1666 612 1718 tardabit.
697 1664 877 1716 Cuius
913 1667 1242 1718 sententiae
1288 1665 1400 1718 duo
1444 1678 1582 1720 sunt
1620 1670 1913 1722 membra:
1968 1672 2172 1740 priore
2200 1678 2376 1731 doce·

66 1753 217 1789 mur
247 1732 598 1787 adfuturum
624 1731 800 1785 nobis
831 1735 1060 1800 Deum,
1112 1735 1252 1803 quia
1285 1736 1597 1803 promisit;
1649 1740 1946 1806 secundo,
1989 1741 2051 1795 id
2075 1734 2377 1811 iacturum

64 1806 475 1873 tempestive,
509 1801 858 1868 neoterius,
897 1819 1075 1872 ‘1¹²¹‘¹¹1¹
1108 1813 1369 1870 ‘monet'
2228 1808 2234 1814 ·

213 1902 305 1957 38.
349 1934 358 1945 --
396 1906 595 1956 Iustus
633 1917 840 1955 autem.
922 1902 1234 1970 Significat·
1260 1904 1644 1960 tolerantiam
1684 1922 1755 1957 ex
1792 1906 1910 1959 fide
1953 1909 2153 1974 ποιοῖς
2211 1914 2371 1982 quod

75 1991 290 2027 verum
320 1982 427 2024 est.
514 1973 724 2039 Neque
751 1971 908 2022 enim
933 1972 1005 2023 ad
1031 1972 1381 2024 sustinenda
1412 1973 1735 2025 certamina
1764 1992 1936 2044 pares
1968 1992 2225 2048 unquam
2252 1973 2368 2034 eri‘-

72 2059 211 2095 mus
247 2042 364 2093 nisi
407 2041 524 2093 fide
567 2040 813 2094 suffulti.
896 2039 1087 2092 Sicuti
1118 2059 1150 2092 e
1175 2056 1466 2092 converso
1499 2043 1786 2094 Iohannes
1816 2044 1898 2110 (5,
1926 2048 2019 2114 4.)·
2053 2064 2189 2099 vere
2224 2067 2372 2119 pro-

74 2110 329 2163 nuntiat
367 2109 677 2165 victoriam
717 2125 843 2160 esse
881 2118 1181 2175 nostram,
1239 2125 1394 2179 quae
1439 2109 1628 2163 vincit
1662 2111 1963 2167 mundum.
2002 2162 2009 2171 .
2058 2116 2222 2170 Haec
2261 2130 2371 2188 est,

80 2188 196 2248 qua·
228 2180 296 2230 in
330 2180 513 2230 altum
546 2178 1026 2240 conscendimus3
1077 2178 1226 2230 haec
1254 2188 1375 2243 est,
1430 2195 1543 2247 qua
1573 2181 1941 2235 transilimus
1970 2184 2170 2236 omnia
2203 2205 2367 2256 ρης-

81 2250 270 2300 sentis
294 2249 452 2299 vitae
481 2246 825 2299 discrimina
844 2284 866 2312 ,-
900 2262 1223 2316 omnesque
1250 2248 1524 2299 miserias
1552 2250 1980 2313 ettnolestias3
2020 2253 2167 2305 haec
2196 2256 2372 2312 nobis

79 2317 143 2367 in
186 2316 393 2368 mediis
434 2315 711 2384 procellis
747 2325 807 2367 et
842 2316 1288 2381 tempestatibus
1318 2317 1520 2385 quieta
1548 2328 1637 2401 est
1667 2321 1864 2371 statio.
1934 2322 2092 2392 Ergo
2122 2326 2369 2392 Aposto-

79 2386 173 2439 lus
220 2387 555 2455 exprimere
593 2383 814 2447 voluit‘,
878 2385 1217 2453 quicunque
1253 2385 1754 2438 iusti‘censentur
1790 2405 1992 2441 coram
2032 2391 2191 2458 Deo,
2247 2410 2368 2446 non

69 2457 266 2507 aliter
307 2472 483 2524 quam
523 2453 638 2505 fide
680 2453 901 2505 vivere.
989 2455 1304 2506 Caeterum
1331 2454 1394 2505 in
1424 2457 1608 2506 verbo
1649 2457 1884 2509 Viventii
1915 2458 2187 2513 futurum
2216 2471 2369 2518 tam-

82 2541 192 2592 pus
209 2545 232 2590 ,τ
277 2526 430 2576 vitae
472 2521 933 2590 perpetuitatem
978 2522 1263 2592 designat.
1331 2523 1585 2592 Reliqua
1631 2541 1701 2576 ex
1743 2526 1935 2594 primo
1967 2527 2041 2581 ad
2069 2530 2368 2585 Romano,

85 2610 216 2660 cap.
246 2593 295 2645 7.
336 2601 395 2645 et
433 2594 504 2644 ad
532 2591 771 2656 Galatas
798 2591 850 2662 ξ),
881 2592 961 2643 11.
1001 2589 1208 2659 petant
1241 2591 1531 2656 lectores,
1581 2593 1685 2644 ubi
1724 2595 1884 2647 idem
1921 2597 2141 2650 citatur
2176 2592 2373 2654 locus.

80 2680 166 2732 Et
190 2678 241 2727 si
269 2678 577 2727 subductus
596 2676 809 2743 suerit.
897 2676 1009 2725 Pro
1041 2690 1142 2740 ec,
1185 2674 1342 2743 quod
1373 2673 1521 2727 dicit
1553 2677 1850 2744 Propheta
1879 2660 2065 2747 flbfiv,
2106 2683 2223 2734 hoc
2253 2692 2366 2753 est,
2433 2717 2443 2725 .

77 2745 186 2797 uhi
226 2746 409 2797 fuerit
449 2744 625 2796 elatio
663 2744 758 2795 vel
794 2742 1079 2807 munitio,
1120 2753 1284 2795 recta
1313 2743 1576 2796 hominis
1607 2748 1804 2797 anima
1831 2748 1891 2799 in
1921 2765 1990 2800 eo
2018 2767 2136 2803 non
2166 2770 2366 2805 mane—

78 2815 199 2868 hit.
283 2813 492 2865 Graeci
533 2813 949 2878 reddiderunt,
997 2811 1156 2881 quod
1193 2810 1295 2863 hic
1330 2814 1519 2864 refert
1550 2815 1893 2883 Apostolus,
1947 2819 2107 2888 quod
2143 2823 2366 2888 partim

87 2899 223 2935 cum
271 2892 470 2934 mente
512 2882 845 2949 Prophetae
894 2880 1207 2948 congruit,
1269 2881 1483 2949 partim
1529 2899 1672 2933 vero
1719 2884 1790 2935 ab
1836 2902 1903 2937 ea
1946 2896 2035 2938 est
2074 2890 2360 2943 alienum.
2453 2917 2462 2932 ·

85 2952 238 3003 Nam
276 2951 579 3004 subductio
623 2950 771 3002 haec
807 2948 961 3000 nihil
1006 2958 1109 3002 aut
1145 2966 1358 3017 parum
1401 2950 1607 3002 differt
1644 2952 1719 3004 ab
1758 2953 2056 3021 elatione,
2092 2974 2207 3027 qua
2239 2968 2368 3012 tur·
2423 2990 2428 3002 .

86 3029 230 3086 gent
266 3019 469 3088 impii,
520 3019 840 3089 siquidem,
891 3018 1049 3087 quod
1091 3019 1432 3086 praefracte
1475 3020 1752 3072 adversus
1790 3021 1985 3076 Deum
2023 3021 2364 3097 insurgunt,
2419 3041 2425 3064 ¹

83 3088 222 3139 ideo
262 3088 356 3154 fit,
405 3087 542 3155 quia
585 3087 1250 3155 perversaconfidentia
1288 3086 1572 3140 inebriati
1605 3106 1667 3140 se
1700 3089 1965 3160 eximunt
1992 3092 2064 3144 ab
2101 3097 2226 3148 eius
2255 3113 2365 3165 po·

85 3166 329 3221 testate,
374 3157 884 3226 tranquillumque
913 3155 1027 3207 sibi
1059 3166 1120 3206 et
1145 3155 1217 3208 ab
1247 3156 1408 3207 omni
1437 3158 1594 3209 malo
1625 3157 1952 3212 immunem
1981 3170 2198 3216 statum
2225 3171 2364 3232 prd-

84 3225 339 3278 mittunt.
433 3225 687 3279 Subduci
727 3241 867 3295 ergo
906 3225 1217 3291 dicuntur,
1273 3225 1414 3277 dum
1452 3225 1633 3277 falsas
1677 3226 1970 3281 eiusmodi
2011 3234 2364 3286 munitiones

88 3303 415 3361 opponunt,
464 3296 677 3364 quibus
707 3310 739 3345 a
766 3310 828 3345 se
855 3295 1208 3362 propulsent
1238 3310 1477 3345 omnem
1501 3295 1617 3347 Dei
1644 3293 1936 3351 'timorem
1976 3316 2045 3351 ac
2081 3316 2361 3354 reveren·

88 3365 249 3414 tiam.
317 3365 520 3431 Itaque
562 3364 678 3416 hoc
717 3364 897 3414 verbo
925 3367 1067 3413 'non
1101 3362 1295 3414 minus
1329 3362 1468 3414 fidei
1508 3363 1598 3414 vis
1637 3381 1812 3433 quam
1838 3365 2161 3435 impietatis
2189 3370 2361 3438 inge-

86 3431 250 3484 nium
286 3432 649 3501 exprimitur.
723 3431 987 3498 Superba
1033 3432 1184 3482 enim
1219 3433 1360 3492 xideo
1400 3440 1488 3482 est
1530 3432 1841 3501 impietas,
1895 3437 2053 3504 quod
2097 3439 2360 3493 debitum

85 3503 218 3554 Deo
245 3501 518 3552 honorem
550 3518 670 3552 non
698 3500 949 3565 tribuit,
989 3509 1054 3552 ut
1083 3499 1176 3550 illi
1205 3500 1512 3552 hominem
1541 3501 1836 3555 subiiciat.
1928 3506 2011 3556 Ex
2043 3505 2156 3557 hac
2191 3524 2358 3561 secu·

88 3570 293 3634 ritate,
336 3570 555 3621 ferocia
591 3579 650 3621 et
677 3579 1020 3637 contemptu
1048 3568 1152 3629 fit,
1197 3578 1295 3633 ut,
1341 3569 1622 3637 quamdiu
1650 3571 1800 3621 bene
1833 3579 1921 3626 est
1945 3573 2169 3642 iniquis
2193 3614 2219 3641 ,Ἴ
2251 3591 2358 3629 nu-

86 3639 285 3701 bibus,
334 3648 412 3690 ut.
434 3639 631 3708 inquit
665 3638 806 3704 ille,
852 3636 1149 3704 oppedere
1184 3639 1455 3689 audeant.
1544 3638 1723 3707 Quod
1749 3640 1795 3689 si
1822 3640 1957 3692 fidei
1985 3642 2136 3695 nihil
2167 3646 2360 3713 magis

89 3708 433 3759 contrarium
481 3718 569 3759 est
608 3722 781 3777 quam
820 3706 1169 3769 subductio,
1217 3705 1363 3757 haec
1390 3706 1518 3758 eius
1543 3719 1751 3758 natura
1783 3718 1902 3775 est,
1954 3719 2023 3761 ut
2050 3711 2354 3766 hominem

90 3793 122 3826 a
152 3794 209 3826 se
238 3776 353 3842 ipso
379 3777 701 3844 abductum
720 3776 847 3826 Deo
872 3774 933 3825 in
965 3773 1313 3845 obsequium
1340 3776 1556 3827 tradat.
1602 3787 1605 3792 ·
1631 3778 1969 3831 Memhrum
1997 3779 2180 3834 illude
2220 3783 2356 3834 Non

89 3844 590 3916 placebitanimae
619 3861 818 3906 meae,
877 3844 967 3896 vel
999 3845 1090 3907 (ut
1122 3860 1232 3911 ego
1259 3844 1493 3911 plenius
1521 3844 1773 3909 reddidi)
1806 3847 1939 3897 Non
1971 3850 2358 3903 oblectabitur

88 3916 157 3965 in
185 3932 240 3963 eo
268 3916 451 3964 anima
480 3931 634 3979 mea,
682 3913 1367 3982 perindebaccipiendum
1410 3922 1529 3978 est,
1579 3928 1647 3964 ac
1678 3914 1726 3963 si
1761 3931 1830 3964 ex
1857 3925 1962 3967 suo
1990 3919 2170 3970 'sensu
2202 3921 2245 3970 A
2293 3936 2355 3971 o·
2442 3933 2445 3942 ’

90 3983 271 4037 stolus
303 3983 600 4050 proferret
631 3980 791 4034 'banc
830 3981 1207 4033 sententiam.
1281 3983 1494 4050 Neque
1527 3981 1682 4032 enim
1714 3982 1803 4032 illi
1836 3987 2210 4051 propositum
2270 3987 2358 4041 uit

83 4061 288 4103 -exaete
312 4051 563 4103 recitare
589 4050 922 4118 Prophetae
953 4049 1134 4101 verba
1153 4086 1170 4115 ,
1193 4059 1200 4068 ⁴
1222 4049 1323 4102 sed
1350 4049 1634 4102 duntaxat
1657 4050 1858 4104 locum
1889 4061 2102 4107 notare
2121 4094 2137 4123 ,
2193 4065 2257 4109 ut
2282 4056 2355 4110 ad

93 4119 409 4191 propiorem
440 4118 718 4171 intuitum
749 4119 1036 4170 invitaret
1060 4118 1342 4171 lectores.
1527 4136 1536 4147 ·
2018 4141 2027 4144 ·
2078 4133 2081 4138 ²
2150 4117 2163 4138 ¹
2334 4122 2342 4142 '

223 4201 298 4254 39.
365 4205 500 4255 Non
526 4221 721 4258 sumus
752 4203 1174 4255 subductionis.
1248 4205 1535 4256 Libenter
1567 4202 1882 4270 Apostolus
1910 4203 2141 4257 Graeca
2170 4215 2358 4261 trans-

97 4269 303 4323 latione
338 4288 467 4324 usus
511 4280 630 4335 est,
680 4288 830 4339 quae
867 4271 1199 4338 superiori,
1249 4289 1427 4350 quam
1467 4272 1779 4336 tractavit,
1829 4272 2135 4338 doctrinae
2173 4276 2355 4346 aptis-

97 4339 236 4393 sime
261 4342 599 4408 quadrabat,
652 4342 805 4392 sicut
838 4357 967 4390 eam
995 4355 1151 4392 nunc
1181 4341 1492 4410 eleganter
1524 4340 1957 4393 accommodat.
2041 4344 2215 4396 Prius
2255 4345 2355 4399 ad·

99 4411 336 4475 monuit,
385 4417 463 4462 ne
485 4409 824 4480 sscclesiam
845 4409 1189 4476 „deserendo
1234 4426 1296 4464 se
1333 4410 1569 4468 tandem
1600 4425 1639 4457 >a
1672 4408 1790 4461 fide
1816 4419 1878 4463 et
1902 4412 2097 4482 gratia
2125 4411 2355 4480 Christi

1508 4471 1656 4541 31*
