2820 4895
338 206 447 336 162
910 266 1019 351 iu
1085 264 1706 337 EPISTOLAE
1775 251 2101 349 pauni

365 438 491 493 leta
541 445 632 497 est
680 454 791 509 per
882 445 1183 503 eccatum,
1240 435 1373 490 ideo
1419 453 1579 489 nune
1620 434 1682 493 in
1722 433 1968 496 Christo
2009 436 2336 505 instaurari
2384 442 2671 507 oportet.

352 508 671 563 ‘Necsane
710 507 845 559 aliu
915 514 1004 559 est
1039 509 1417 577 regeneratio
1465 506 1731 579 piorum,
1785 496 1962 576 quain
1992 507 2337 561 reformatio
2370 505 2674 575 imaginis

316 628 317 631 ,
363 576 483 633 Dei
506 576 568 628 in
595 574 756 630 illis:
795 573 1287 645 quemadmodum
1315 576 1397 627 11.
1429 576 1497 626 ad
1525 575 1799 626 Corinth.
1822 575 1875 640 3,
1905 575 1984 629 18.
2014 575 2236 640 dictum
2273 583 2382 628 est.
2457 576 2680 645 Quan-

356 659 546 717 rquam
572 645 748 713 longe
778 644 1021 697 uberior
1049 656 1138 696 est
1168 659 1236 694 ac
1268 645 1572 714 potentior
1601 644 1710 694 Dei
1741 645 1926 714 gratia
1957 645 2016 696 in
2045 643 2158 710 hac
2193 643 2453 696 secunda
2493 659 2683 695 crea·-

369 716 570 780 tione‚
607 731 783 783 quam
812 714 1004 781 prima
1030 712 1238 765 fuerit.
1286 713 1386 764 sed
1418 713 1532 764 hoc
1565 723 1797 765 tantum
1827 713 2079 782 respicit
2106 712 2412 782 Scriptura
2432 747 2449 774 ,
2503 711 2683 780 quod

356 780 600 838 ‘summa
624 791 817 835 nostra
850 781 1136 850 perfectio
1166 781 1243 832 sit
1270 780 1664 833 conformitas
1696 791 1756 832 et
1779 781 2144 846 similitudo,
2193 798 2340 850 quae
2369 780 2541 833 nobis
2583 789 2683 835 est

371 868 506 907 cum
538 852 683 904 Deo.
744 846 843 903 ‘Ad
881 850 1011 902 eam
1051 866 1191 901 vero
1236 865 1416 920 quum
1453 851 1735 901 formatus
1770 860 1922 907 esset
1952 850 2166 912 Adam,
2206 849 2471 918 perdidit
2499 849 2682 919 quod

369 924 705 989 acceperat.
758 918 927 971 nobis
969 917 1155 989 igitur
1195 936 1303 987 per
1347 918 1651 971 Christum
1693 918 1931 970 restitui
1977 934 2219 971 necesse
2262 929 2367 971 est.
2412 960 2417 965 .
2457 918 2683 987 Quare

366 988 491 1042 huc
519 998 791 1058 spectare
817 988 987 1038 docet
1014 986 1561 1056 regenerationem,
1612 996 1680 1040 ut
1708 1003 1777 1038 ex
1807 1003 2011 1039 errore
2040 989 2391 1045 reducamur
2418 985 2502 1038 ad·
2524 1004 2683 1042 eum

370 1056 591 1124 finem,
641 1055 714 1109 ad
753 1072 928 1125 quem
969 1072 1167 1107 sumus
1212 1056 1454 1107 conditi.
1595 1054 1667 1123 In
1689 1054 1917 1107 ἱαειίιίά.
1991 1055 2282 1108 Iustitiam
2315 1072 2420 1122 pro
2452 1055 2681 1109 Recti-

370 1126 587 1177 tudine
613 1124 662 1178 si
687 1124 1048 1196 generaliter
1080 1123 1344 1192 accipias
1363 1162 1380 1189 ‚
1418 1124 1700 1177 sanctitas
1729 1125 2006 1193 quiddam
2032 1126 2146 1177 erit
2173 1122 2380 1190 altius,
2422 1123 2546 1175 hoc
2583 1133 2683 1181 est

364 1194 641 1272 puritas,
677 1211 790 1263 qua
823 1210 1021 1246 sumus
1052 1193 1178 1245 Deo
1209 1193 1557 1265 consecrati.
1635 1194 1854 1245 Verum
1883 1209 2002 1244 nnn
2031 1191 2303 1261 displicet
2330 1193 2415 1243 ita
2441 1191 2682 1245 distin-

362 1262 520 1334 gui,
579 1273 644 1315 ut
672 1261 956 1314 sanctitas
986 1260 1219 1329 quidem
1243 1261 1316 1313 ad
1343 1261 1593 1329 primam
1627 1262 1808 1330 Legis
1840 1261 2105 1317 tabulam
2129 1300 2142 1323 ,
2192 1261 2424 1313 iustitia
2456 1271 2679 1323 autem

372 1332 447 1385 ad
490 1331 809 1384 secundam
849 1329 1160 1398 pertineat.
1216 1329 1710 1400 quemadmodum
1742 1329 1802 1381 in
1831 1330 2083 1383 Cantico
2116 1328 2440 1382 Zachariae
2487 1331 2678 1397 (Luc.

371 1402 426 1467 1,
451 1398 599 1468 5402
651 1399 989 1455 serviamus
1031 1397 1134 1449 illi'
1160 1397 1224 1449 in
1264 1398 1585 1452 sanctitate
1621 1407 1684 1452 et
1711 1399 1936 1462 iustitia
1965 1398 2238 1453 omnibus
2268 1398 2470 1451 diebus
2503 1398 2681 1454 vitae

368 1479 630 1525 nostrae.
699 1467 776 1519 Et
819 1477 985 1520 certe
1022 1466 1104 1517 ita
1148 1478 1313 1527 recte
1344 1462 1514 1519 Plato
1554 1484 1788 1537 quoque
1830 1468 2037 1534 docet,
2085 1466 2246 1547 quod
2285 1462 2506 1533 ὁσιότης
2544 1470 2683 1537 sita

373 1538 456 1593 sit
502 1539 563 1605 in
603 1535 771 1589 cultu
795 1537 942 1600 Dei,
999 1534 1185 1588 altera
1211 1553 1347 1605 pars
1373 1535 1646 1589 iustitiae
1673 1538 1944 1589 homines
1973 1537 2266 1606 respiciat.
2341 1536 2681 1597 Genilivus

288 1612 293 1619 ’
371 1602 678 1673 Veritatis,
718 1604 850 1658 Ioco
883 1603 1138 1671 epitheti
1169 1604 1393 1675 positus
1425 1614 1547 1671 est,
1585 1605 1686 1674 qni
1714 1615 1835 1659 tam
1860 1605 2123 1658 iustitiae
2152 1621 2332 1674 quam
2356 1606 2683 1675 sanctitati

374 1674 676 1728 convenit.
768 1675 1090 1742 Utramque
1130 1672 1289 1727 enim
1326 1675 1620 1727 sinceram
1663 1685 1947 1742 oportere
1985 1691 2113 1727 esse
2155 1673 2461 1728 admonete
2511 1677 2678 1747 quia

367 1742 469 1798 hic
498 1760 636 1799 cum
658 1743 790 1798 Deo
819 1744 1129 1813 negotium
1158 1751 1280 1813 est,
1325 1742 1430 1814 qui
1458 1743 1627 1796 nullo
1657 1742 1798 1796 fuco
1828 1741 2150 1814 decipitur.
2593 1762 2606 1768 ‘-

2173 363 2208 381 l

540 1899 642 1966 25.
714 1896 987 1983 Quare,
1061 1896 1401 1986 deposito*
1430 1899 1826 1979 mendacio,
1867 1897 2250 1989 ¹loquimini
2280 1902 2678 1983 :veritatem
2709 1940 2726 1947 —

306 2016 327 2045 a
365 1989 832 2070 unusquisque
872 2006 1061 2063 cums
1119 1988 1388 2048 roxir'no
1437 2005 1593 2063 suot
1664 1988 1819 2068 quia
1857 2002 2089 2048 sumus
2134 1988 2426 2050 vicissim
2470 1990 2679 2052 inter

364 2091 496 2151 ‘nos
528 2065 841 2135 membra.
923 2072 1027 2133 26.
1109 2074 1485 2147 rascimini,
1533 2080 1599 2134 et
1628 2091 1711 2134 ne
1732 2073 2027 2154 peccetis
2057 2071 2251 2156 (Psal.
2284 2079 2345 2148 4,
2373 2067 2492 2155 5.),
2551 2070 2675 2137 sol

367 2177 508 2222 non
542 2156 805 2219 occidat
835 2172 1041 2241 super
1065 2156 1480 2218 iracundiam
1508 2150 1794 2222 vestram
1811 2152 1840 2221 ε’
1931 2157 2034 2217 27.
2093 2153 2185 2216 Et
2211 2176 2299 2220 ne
2333 2158 2506 2220 detis
2540 2152 2676 2223 1οτ-

365 2262 525 2306 cum
569 2239 858 2303 diabolo·
953 2243 1055 2302 28.
1116 2238 1255 2327 Qui
1298 2240 1688 2316 furabatur,
1741 2241 1873 2302 iam
1905 2246 2046 2301 'non
2081 2238 2382 2303 furetur:
2440 2247 2672 2326 magis

363 2336 587 2391 autem
614 2323 899 2400 laboret,
943 2324 1287 2410 operando
1316 2325 1499 2409 quod
1527 2326 1779 2387 bonum
1805 2336 1904 2390 est
1930 2325 2262 2402 manibus,
2304 2338 2378 2389 ut
2408 2323 2670 2392 habeat

363 2409 549 2497 quod
578 2422 811 2497 eroget
838 2428 1013 2497 opus
1044 2409 1336 2498 habenti.

286 2611 291 2620 μ
503 2545 593 2599 25.
668 2544 894 2626 Quare,
933 2547 1202 2612 deposito.
1285 2546 1372 2599 Ex
1398 2544 1504 2598 illo
1538 2544 1731 2613 capite
1763 2542 2075 2597 doctrinae
2091 2545 2116 2608 ,⁷
2162 2544 2280 2598 hoc
2305 2554 2394 2598 est
2421 2544 2673 2603 iustitia

360 2613 504 2669 novi
544 2614 847 2681 hominis5
905 2631 1104 2668 omnes
1146 2614 1294 2685 piae·
1321 2615 1800 2680 exhortationes,
1863 2623 2147 2683 tanquam
2187 2632 2257 2667 ex
2289 2615 2466 2667 fonte
2508 2616 2667 2686 rivi,

361 2685 580 2740 fluunt.
637 2700 771 2736 nam
806 2681 994 2765 ,siquis
1043 2684 1237 2736 omnia
1277 2683 1450 2735 vitae*
1480 2695 1800 2752 praecepta
1842 2683 2128 2750 colligat,
2180 2700 2394 2751 parum
2421 2682 2669 2746 efficiet
2695 2723 2708 2728 -

358 2753 494 2811 sine
535 2754 655 2805 hoc
692 2749 1018 2821 principio.
1115 2753 1306 2805 Aliam
1348 2753 1699 2805 methodum
1732 2752 1951 2805 habent
1991 2751 2370 2823 Philosophi:
2433 2754 2547 2815 -sed
2596 2754 2668 2807 in

352 2821 627 2878 doctrina
655 2821 890 2890 pietatis
922 2822 1068 2874 haec
1099 2830 1187 2876 est
1219 2821 1392 2875 unica
1424 2821 1581 2873 vitae
1615 2820 2009 2876 instituendae
2037 2822 2208 2873 ratio.
2281 2822 2467 2872 'Nunc
2506 2837 2667 2890 ergo

363 2900 687 2961 sequentur.
724 2890 1117 2959 particulares
1152 2890 1628 2955 exhortationes,
1689 2906 1834 2960 quas
1876 2890 2130 2942 deducet
2172 2890 2389 2942 Paulus
2430 2897 2500 2941 'ex
2541 2890 2667 2945 illa

364 2960 660 3014 communi
689 2957 978 3020 doctrina.
1050 2961 1124 3016 Et
1145 2959 1407 3030 primum
1429 2960 1680 3030 quidem*
1701 2975 1792 3028 eo,
1823 2960 1994 3029 quod
2024 2958 2089 3009 in
2114 2959 2370 3011 veritate
2386 2960 2667 3029 Evangev

358 3028 428 3081 lii
458 3044 727 3080 veracem
756 3028 1047 3084 iustitiam
1076 3039 1136 3081 et
1159 3029 1536 3081 sanctitatem
1565 3035 1844 3096 posuerat
1863 3064 1879 3093 ,
1930 3043 2088 3079 nunc
2113 3043 2143 3076 a
2172 3042 2390 3095 genere
2417 3027 2490 3078 ad
2517 3044 2666 3095 spe·

369 3096 526 3150 ciem
569 3107 1050 3164 argumentatur,
1102 3107 1169 3149 ut
1201 3098 1323 3150 sint
1356 3097 1517 3150 inter
1556 3114 1616 3148 se
1658 3112 1916 3148 veraces.
2004 3093 2357 3148 Mendacium
2401 3095 2501 3148 hic
2539 3112 2661 3165 pro

347 3154 639 3234 'qualibet
679 3165 886 3216 fraude
932 3173 990 3218 et
1023 3165 1401 3219 simulatione
1446 3165 1538 3218 vel
1574 3164 1786 3217 astutia
1808 3201 1824 3230 ‚
1864 3164 2095 3216 Veritas
2124 3180 2233 3233 pro
2261 3164 2665 3233 simplicitate

364 3236 618 3300 capitur.
699 3231 984 3302 Requirit
1038 3250 1178 3303 ergo
1235 3235 1528 3288 sinceram
1581 3231 1740 3285 inter
1786 3249 1886 3284 eos
1919 3233 2543 3285 ,communicationem
2584 3232 2662 3287 in.

366 3300 647 3356 omnibus
671 3302 952 3369 negotiis.
1028 3303 1274 3356 Additur
1297 3313 1357 3355 et
1389 3303 1574 3356 altera
1603 3301 2011 3354 confirmatio:
2063 3299 2217 3370 Quia
2252 3315 2453 3354 sumus
2488 3303 2661 3370 vicis-

268 3429 275 3436 ,
362 3371 475 3424 sim
506 3372 654 3422 inter
691 3387 797 3428 nos
835 3371 1113 3424 membra.
1168 3381 1258 3425 est
1286 3371 1835 3437 enim‘monstrum,
1875 3370 1922 3421 si
1947 3372 2215 3423 membra
2242 3369 2405 3423 inter
2430 3386 2497 3423 se
2524 3387 2664 3424 non.

364 3437 738 3492 consentiant
757 3476 774 3504 ‚
812 3438 933 3491 imo
964 3439 1013 3491 si
1043 3440 1454 3492 fraudulenter
1481 3437 1640 3490 inter
1668 3455 1730 3489 se
1756 3448 1950 3508 agant.
2541 3445 2548 3448 ’

501 3504 588 3559 26.
673 3505 1014 3559 Irascimini.
1099 3510 1405 3562 Incertum
1433 3517 1521 3574 est
1550 3522 1623 3558 an
1654 3507 1865 3560 Paulus
1891 3506 2217 3576 respexerit
2242 3505 2315 3559 ad
2348 3506 2660 3563 Psalmum

364 3585 666 3647 quartum.
712 3592 851 3627 nain
876 3577 958 3627 ‘in
987 3577 1219 3629 Graeca
1261 3575 1654 3629 translatione
1691 3576 1842 3648 haec·
1877 3579 2062 3629 verba
2096 3575 2412 3630 habentur.
2456 3593 2657 3646 quan-
2691 3603 2696 3606 ·

364 3675 545 3731 quam
585 3659 689 3711 alii
733 3659 992 3712 malunt:
1045 3659 1533 3713 Contremiscite.
1617 3660 1875 3722 ¹Verbum
1919 3660 2516 3714 tam'enHebraicum
2557 3665 2658 3711 τλῆ

366 3737 489 3780 tam
532 3727 840 3780 iracundia
892 3729 1123 3786 turbari
1172 3744 1340 3799 quam
1394 3744 1615 3849 pavore
1669 3728 1983 3797 significat.
2069 3730 2241 3798 Quod
2279 3730 2349 3781 ad
2389 3730 2655 3783 circum·

362 3797 651 3850 stantiam
690 3796 939 3864 Psalmi,
1008 3813 1214 3850 sensus
1253 3796 1354 3850 hic
1445 3815 1550 3849 ene
1592 3800 1938 3850 conveniet:
2005 3798 2210 3850 Nolite
2252 3798 2655 3852 similesresse

361 3863 732 3935 phreneticis
760 3865 860 3934 qui
887 3866 1183 3934 intrepide
1211 3865 1422 3936 quovis
1454 3874 1669 3919 ruunt:
1728 3867 1831 3918 sed
1873 3866 2190 3936 conturbet
2226 3884 2325 3919 vos
2363 3868 2655 3920 audaciae

362 3941 596 3987 vestrae
636 3934 959 4003 reputatio.
1059 3936 1214 3986 Nam
1256 3924 1506 3987 Genesis
1536 3934 1625 4002 45,
1650 3932 1740 3987 23.
1795 3933 1906 3988 hoc
1955 3935 2198 3988 verbum
2250 3934 2475 4007 legitur
2529 3953 2649 4006 pro

363 4002 742 4054 Contendere
767 4002 861 4055 vel
891 4004 1113 4060 Rixari.
1168 4003 1469 4071 vultergo
1503 4020 1636 4069 eos,
1691 4020 1823 4056 cum
1852 4004 2065 4056 animis
2093 4006 2211 4056 suis
2232 4005 2652 4075 disceptando,

361 4069 623 4135 turbari,
669 4079 737 4122 ut
776 4087 810 4122 a
852 4070 1096 4124 furiosis
1136 4072 1454 4140 conatibus
1496 4071 1796 4124 desistant.
1880 4072 2098 4125 Paulus
2126 4079 2354 4138 autem,
2390 4089 2523 4135 meo
2549 4073 2652 4128 iu·

365 4139 560 4205 dicio,
609 4146 837 4190 tantum
864 4140 1068 4193 allusit
1100 4140 1174 4191 ad
1210 4140 1410 4195 locum
1448 4139 1622 4192 illum
1660 4141 1772 4193 hac
1804 4143 2058 4193 ratione.
2131 4140 2277 4193 Tria
2314 4151 2453 4195 sunt
2489 4141 2651 4198 vitia

361 4207 613 4278 quibus,
653 4207 992 4273 irascendo,
1028 4209 1223 4260 Deum
1249 4208 1619 4262 offendimus.
1692 4210 1964 4265 Primum
1984 4216 2104 4272 est,
2141 4209 2297 4279 quod
2324 4210 2557 4262 levibus
2583 4221 2652 4270 et

361 4291 538 4345 saepe
561 4272 743 4327 nullis
770 4273 841 4327 de
866 4273 1061 4328 causis
1087 4275 1433 4346 irascimur,
1480 4277 1574 4330 vel
1604 4287 1763 4331 certe
1790 4276 2041 4347 privatis
2072 4277 2306 4348 iniuriis
2334 4279 2427 4330 vel
2458 4278 2648 4333 offen-

360 4343 444 4396 sis
489 4341 796 4396 commotis
860 4345 1151 4412 alterum,
1199 4345 1386 4415 quod,
1433 4345 1618 4402 semel
1658 4346 1979 4412 commoti,
2027 4356 2214 4400 metas
2255 4346 2647 4415 transilimus,
2735 4365 2740 4374 ²

358 4419 424 4465 et
460 4412 790 4484 abripiatur
826 4412 1151 4470 immodico
1185 4429 1448 4494 excessu.
1487 4411 1769 4485 tertium,
1805 4416 1965 4488 quod
1991 4412 2144 4469 iram
2170 4431 2321 4486 quae
2351 4413 2645 4490 debuerat
