2820 4895
336 234 465 308 330
891 228 1694 307 1N.EplsT01.AE
1769 164 2097 313 Pali-1³1

338 407 811 465 circumferatur.
901 403 1159 461 Unicum
1199 380 1369 457 huius
1412 402 1536 459 vitii
1575 402 1936 474 remedium,
1990 403 2043 457 si
2083 401 2404 459 doceantur
2443 376 2667 459 fideles

216 494 221 509 ’
303 528 306 535 .
337 479 710 551 acquiescere
736 472 818 533 in.
835 492 986 548 pura
1014 475 1319 544 Evangelii
1356 474 1647 528 doctrina.

507 635 586 698 5.·
613 631 722 696 Tu
762 650 927 699 vero
960 628 1166 716 vigila
1191 633 1264 693 in
1293 631 1646 706 omnibuS‚
1700 626 1939 717 perfer
1966 625 2416 706 afflictiones,
2579 646 2663 690 us

337 719 449 785 fac
464 716 934 804 Evangelistae
949 763 978 799 ‚7
1003 718 1465 780 ministerium
1494 728 1689 778 tuum
1716 716 2081 802 probatum
2110 711 2338 777 redde.
2406 714 2469 776 6.
2568 731 2665 799 glo

339 808 523 870 enim
575 807 710 866 iam
764 799 1125 879 immoler,
1204 814 1273 865 et
1332 810 1611 889 tempus
1662 819 1852 863 meae
1908 796 2354 864 resolutionis
2416 801 2663 861 instat.

338 893 420 954 7..
468 888 741 952 Bonum
790 899 1138 954 certamen
1190 888 1482 964 certavi,
1550 905 1826 952 cursum
1882 885 2378 961 consummavi,
2445 877 2667 949 fidem

315 977 618 1040 servavi.
675 968 769 1037 Ι8.
830 970 1039 1055 Quod
1079 982 1429 1058 superest,
1493 974 1792 1058 reposita
1831 964 1940 1034 est'
1974 968 2145 1033 mibi
2181 970 2482 1033 iustitiae
2527 987 2665 1030 eu-

338 1077 546 1135 rona,
610 1075 815 1142 quarn
854 1056 1108 1122 reddet
1140 1055 1307 1119 mihi
1347 1056 1685 1121 Dominus
1724 1059 1794 1118 in
1841 1053 1958 1118 illa
2002 1055 2112 1126 die
2147 1057 2383 1118 iustus
2417 1050 2659 1127 iudex,

336 1165 465 1207 nec
491 1140 711 1207 solum
750 1140 958 1225 mihi,
1015 1140 1139 1207 sed
1167 1145 1370 1211 etiarn
1400 1142 1756 1218 omnibus,
1813 1143 1930 1223 qui
1962 1139 2253 1231 diligunt
2279 1138 2657 1202 adventum

351 1247 522 1295 eiuS.
754 1253 758 1257 ·

407 1368 436 1390 '·
477 1363 531 1416 5.
608 1361 694 1416 Tu
734 1380 871 1416 vero
908 1363 1116 1432 vigila.
1197 1363 1398 1432 Pergit
1436 1361 1501 1415 in
1541 1360 1829 1431 superiori
1873 1360 2314 1426 exhortatione,
2369 1364 2483 1423 ut,
2530 1372 2657 1428 quo

335 1433 524 1503 magis
550 1432 967 1501 ingravescunt
994 1431 1202 1501 morbi,
1247 1433 1463 1486 maiori
1504 1431 1815 1484 sedulitate
1857 1430 2158 1483 incumbat
2189 1426 2534 1482 Timotheus
2581 1426 2657 1479 ad

338 1521 439 1557 eos
471 1504 789 1570 curandos,
829 1512 891 1554 et
916 1520 1030 1573 quo
1059 1504 1299 1574 propius
1324 1504 1548 1556 instant
1575 1496 1870 1571 pericula,
1913 1519 1982 1554 eo
2009 1501 2362 1555 intentiores
2385 1504 2521 1568 agat
2550 1514 2655 1548 ex·

299 1590 304 1593 ·
341 1571 562 1627 cubias.
630 1574 707 1625 Et
749 1574 893 1642 quia
931 1581 1138 1643 parata
1178 1590 1315 1625 mox
1355 1582 1490 1626 sunt
1519 1572 1738 1625 Christi
1774 1572 2056 1624 ministris
2100 1569 2456 1635 certamina,
2507 1568 2649 1620 dum

340 1644 599 1697 fideliter
626 1658 687 1696 se
712 1651 929 1711 gerunt
955 1643 1019 1695 in
1050 1659 1152 1694 suo
1187 1643 1408 1697 officio:
1462 1643 1637 1696 simul
1666 1642 1977 1710 admonet,
2030 1650 2099 1694 ut
2129 1640 2300 1694 malis
2324 1637 2654 1691 tolerandis

343 1722 615 1768 constans
656 1713 731 1765 sit
770 1730 844 1764 ac
881 1712 1190 1766 infractus.
1282 1713 1442 1783 Opus
1482 1713 1692 1780 facere
1733 1712 2149 1777 Evangelia-rae
2196 1720 2284 1762 est
2323 1708 2651 1779 praestare,

343 1783 501 1855 quod
525 1783 902 1852 Evangelista
939 1784 1176 1853 dignum
1217 1792 1320 1838 est.
1393 1784 1704 1843 Caeterum
1748 1797 1822 1833 an
1861 1779 1978 1834 hoc
2018 1781 2262 1833 nornine
2300 1779 2659 1848 generaliter

342 1853 640 1925 significet
670 1854 923 1922 quosviS,
938 1853 1239 1925 Evangelii
1270 1853 1599 1921 ministros,
1652 1869 1730 1903 an
1755 1866 1896 1927 ve'ro
1927 1851 2178 1921 speciale
2207 1849 2445 1922 aliquod
2472 1849 2657 1901 fuerit

342 1940 594 1990 munus,
639 1924 953 1977 incertum
999 1934 1105 1977 est.
1176 1925 1369 1993 Magis
1406 1935 1599 1976 tamen
1637 1925 1697 1976 in
1737 1920 1893 1973 hanc
1933 1918 2251 1973 secundam
2288 1929 2517 1987 partem
2553 1920 2654 1971 in-

347 1996 507 2047 clino
528 2032 546 2061 ‚
599 1995 737 2062 quia
780 2010 853 2046 ex
898 2004 1107 2065 quarto
1139 1996 1333 2062 capite
1360 1992 1433 2045 ad
1462 1994 1739 2061 Ephesios
1764 1991 1925 2045 haud
1953 1992 2129 2044 dubie
2159 1998 2422 2057 constat,
2482 1989 2649 2041 ordi-

344 2082 485 2118 nem
514 2064 695 2117 fuisse
723 2065 888 2117 inter
919 2064 1221 2135 Apostolos
1264 2075 1322 2115 et
1352 2066 1619 2117 Pastores
1659 2058 1954 2131 medium,
2004 2063 2092 2114 ita
2131 2074 2197 2114 ut
2238 2070 2431 2114 essent
2459 2061 2651 2113 Evan-

345 2135 593 2207 gelistae
621 2136 917 2204 Apostolis
954 2135 1195 2187 secundi
1229 2135 1544 2188 adiutores.
1614 2134 1745 2187 Iam
1784 2148 1921 2184 vero
1967 2132 2321 2202 probabilius
2365 2139 2451 2183 est
2476 2168 2496 2197 ,
2544 2131 2653 2182 'ri-

343 2206 679 2270 motheum,
730 2222 913 2281 quem
955 2207 1065 2258 sibi
1091 2204 1300 2258 Paulus
1329 2204 1657 2272 proximum
1682 2203 1743 2256 in
1774 2203 2042 2256 omnibus
2069 2204 2354 2272 collegam
2386 2201 2655 2269 adscive-

342 2287 470 2344 rat,
520 2277 705 2348 gradu
749 2286 809 2328 et
835 2275 1027 2331 ,officii
1066 2276 1353 2346 dignitate
1392 2273 1797 2327 antecelluisse
1827 2274 2090 2343 vulgares
2117 2275 2422 2339 Pastores,
2475 2287 2653 2339 quam

343 2349 526 2400 fuisse
568 2364 749 2398 unum
794 2348 1119 2416 quemlibet
1158 2363 1227 2397 ex
1269 2363 1474 2398 eorum
1516 2361 1777 2398 numero.
1849 2340 2077 2397 Dein'de
2111 2342 2441 2396 honorifica
2473 2341 2655 2393 officii

347 2417 569 2471 mentio
601 2426 726 2469 tam
754 2418 830 2469 ad
861 2428 999 2478 eum
1026 2416 1457 2485 animandum,
1495 2433 1673 2486 quam
1707 2416 1778 2468 ad
1809 2415 2335 2483 commendandam
2363 2413 2498 2466 aliis
2533 2414 2654 2465 eius

346 2488 765 2542 auctoritatem
808 2489 996 2557 valet,
1068 2505 1315 2558 quorum
1352 2497 1667 2557 utrumque
1709 2487 1987 2554 spectavit
2021 2485 2252 2540 Patssus.
2330 2485 2419 2538 In·
2444 2484 2651 2536 ultimo

345 2559 609 2613 membro
649 2558 699 2609 si
738 2575 872 2609 cum
910 2559 1111 2610 Veteri
1155 2547 1476 2626 interprete
1504 2558 1779 2625 Flegamus
1818 2553 2040 2625 Imple,
2090 2571 2290 2609 sensus
2325 2555 2468 2607 erit:
2522 2556 2652 2607 Non

346 2632 523 2684 aliter
550 2629 624 2681 ad
648 2627 1148 2698 plenum‘defungi
1178 2635 1420 2679 munere
1443 2627 1555 2679 tibi
1576 2627 2051 2696 iniunctopotes,
2090 2628 2202 2681 nisi
2228 2628 2370 2679 haec
2398 2626 2657 2693 agendo,¹

347 2718 500 2772 quae
522 2700 829 2769 praecepi:
866 2699 1070 2768 itaque
1097 2698 1246 2762 vide,
1276 2712 1352 2749 ne
1378 2698 1443 2749 in
1471 2698 1666 2749 medio
1693 2715 1864 2750 cursu
1892 2695 2145 2751 deficias.
2200 2696 2313 2751 Sed
2341 2694 2479 2766 quia
2510 2691 2650 2761 πλη-

348 2775 621 2846 ροφορεῖν
653 2769 778 2821 fere
817 2770 1109 2838 accipitur
1144 2786 1249 2837 pro
1277 2769 1495 2828 Fidem*
1521 2769 1720 2821 facere
1761 2776 1863 2819 aut
1907 2765 2328 2835 comprobare:
2377 2765 2477 2817 hic
2524 2781 2653 2816 ma-

351 2842 661 2916 gis‘placet
688 2856 918 2906 sensus,
965 2842 1060 2909 qui
1090 2840 1300 2907 etipse
1326 2856 1556 2908 quoque
1587 2839 1806 2907 optime
1837 2837 2151 2907 quadrabit
2181 2827 2481 2889 conte'x'tui
2503 2871 2521 2900 ,
2557 2834 2650 2885 Ti-

348 2910 658 2964 motheum¹
679 2909 967 2977 vigilando
988 2948 1004 2976 ,
1045 2919 1101 2962 et
1130 2911 1422 2978 patienter
1447 2907 1688 2962 ferendo
1719 2909 2100 2977 afflictiones,
2140 2925 2210 2959 ac
2238 2901 2545 2972 doctrinae
2568 2905 2652 2955 in-

354 2982 563 3035 stando
587 3018 602 3044 ,
664 2978 790 3031 hoc¹
826 2992 1354 3048 consequuturum,
1415 2988 1480 3032 ut
1533 2979 1846 3031 ministerii
1901 2979 2250 3046 suiwveritas
2299 2976 2649 3038 stabiliatur,

353 3053 493 3123 quia
538 3049 768 3102 scilicet
808 3068 881 3103 ex
920 3051 1143 3106 talibus
1185 3050 1340 3112 notis
1387 3066 1586 3103 omnes
1628 3059 1765 3102 eum·
1788 3050 2042 3119 probum
2072 3046 2289 3101 Christi
2320 3048 2655 3099 ministrum

362 3129 701 3193 agnoscent.
2104 3135 2121 3146 ²

491 3222 544 3276 6.
616 3225 743 3287 Ego
788 3219 943 3272 enim
987 3222 1110 3273 iam
1143 3223 1441 3286 immolor.
1512 3219 1730 3274 Reddit
1757 3235 1994 3274 causam
2023 3227 2150 3272 tam
2178 3219 2364 3272 seriae
2395 3218 2655 3270 obtesta-

353 3293 568 3359 tionis,
618 3293 1040 3360 quausus'est,
1090 3309 1159 3344 ac
1188 3291 1234 3342 si
1269 3291 1520 3343 dicerett
1569 3293 1694 3359 Ego
1715 3330 1731 3358 ,
1781 3290 2062 3359 quamdiu
2091 3290 2242 3355 vixi,
2278 3305 2523 3342 manum
2548 3286 2656 3339 tibi

352 3361 623 3433 porrexi,
676 3360 788 3411 tihi
826 3376 995 3416 meae
1039 3362 1305 3415 assiduae
1343 3360 1777 3424 exhortationes
1814 3377 1935 3414 non
1978 3360 2324 3425 defuerunt,
2372 3359 2484 3410 tibi
2528 3373 2656 3409 mea

357 3429 607 3487 consilia
634 3431 875 3482 fuerunt
915 3446 1132 3499 magno
1173 3432 1545 3497 adiumento,
1597 3443 1656 3483 et
1682 3432 2008 3499 exemplum
2040 3431 2220 3483 etiam
2243 3446 2491 3499 magnae
2521 3427 2658 3480 c‘on-

357 3503 717 3564 firmationi3
770 3501 893 3552 iam
920 3509 1149 3570 tempus
1179 3510 1298 3567 est,
1349 3511 1414 3553 ut
1452 3503 1563 3554 tibi
1591 3502 1718 3571 ipse
1747 3502 2029 3567 magister
2058 3502 2134 3553 sis
2162 3510 2338 3568 atque
2369 3501 2658 3563 hortator,

356 3585 680 3645 natareque
705 3570 959 3639 incipias
988 3572 1114 3625 sine
1142 3573 1395 3625 cortice:
1437 3589 1607 3639 cave,
1641 3589 1717 3624 ne
1745 3572 1880 3641 quid
1912 3579 2104 3624 morte
2137 3586 2269 3622 mea
2294 3570 2360 3621 in
2385 3580 2446 3622 te
2472 3577 2659 3620 muta·

355 3654 484 3698 tum
526 3640 1051 3696 animadvertatur.
1138 3646 1449 3709 Caeterum
1486 3642 1783 3693 notandae
1823 3650 1958 3693 sunt
1997 3642 2396 3709 loquutioneS,
2455 3640 2660 3708 quibus

358 3722 611 3766 mortem
637 3728 806 3775 suam
833 3699 1116 3780 designat.
1169 3712 1430 3782 ‘Nomine
1450 3713 1852 3764 Resolutionis
1878 3711 2168 3780 significat
2186 3750 2202 3778 ,
2232 3728 2341 3762 nos
2362 3709 2659 3764 moriendo

364 3801 483 3836 non
525 3799 758 3854 prorsus
802 3783 1049 3835 interire
1069 3809 1102 3848 ς
1137 3784 1278 3849 quia
1307 3791 1539 3837 tantum
1571 3778 1782 3840 anima'
1805 3800 1838 3832 a
1873 3782 2426 3849 corporesoluitur.
2500 3779 2662 3831 Unde

365 3854 693 3921 colligimus
714 3889 729 3916 ,
784 3863 1039 3905 mortem
1079 3854 1230 3906 nihil
1264 3870 1386 3905 esse
1426 3869 1601 3920 quam
1631 3852 1865 3908 animae
1891 3871 1925 3904 a
1953 3868 2197 3919 corpore
2225 3850 2661 3918 migrationem,
2747 3887 2753 3897 .

370 3941 521 3994 quae
556 3921 817 3986 definitio
844 3925 1243 3978 testimonium
1272 3922 1537 3990 continet
1570 3922 1639 3973 de
1669 3922 1896 3974 animae
1922 3922 2385 3976 immortalitate.
2457 3923 2667 3973 Immo·

366 3995 512 4048 latio
546 3991 1117 4059 peculiariter-‚Pauli
1148 3996 1322 4048 morti
1354 3992 1744 4063 congruebat,
1778 4008 1971 4060 =quam
2002 3993 2208 4058 obibat,
2229 4008 2334 4060 pro
2361 3989 2667 4044 asserenda

376 4064 600 4118 Christi
653 4061 920 4120 veritate.
998 4067 1153 4126 Nam
1198 4065 1459 4132 quamvis
1496 4064 1577 4134 pii
1614 4079 1814 4116 omues
1857 4071 1983 4120 tam
2019 4062 2263 4115 vivendo
2313 4061 2665 4123 obedienter,

371 4150 549 4205 quam
575 4130 879 4184 moriendo
898 4172 915 4199 ,
942 4134 1176 4190 hostiae
1201 4136 1320 4187 sint
1332 4138 1459 4187 Deo
1482 4142 1783 4198 acceptae:
1817 4131 2244 4201 praestantiore
2270 4141 2474 4188 tamen
2499 4130 2667 4182 modo

372 4203 755 4262 immolantur
808 4214 1140 4272 martyres,
1216 4206 1556 4274 sangui-nem
1602 4203 1915 4267 ‚fundendo
1967 4220 2076 4270 pro
2131 4202 2350 4256 Christi
2410 4203 2667 4257 nomine.

379 4275 542 4330 Adde
567 4272 726 4343 quod
754 4273 995 4330 verbum
1031 4274 1406 4345 σπένδεσθαι,
1459 4273 1613 4343 quod
1638 4273 1851 4340 Paulus
1873 4272 1970 4327 hic
1993 4282 2271 4342 usurpat,
2316 4289 2443 4328 non
2463 4287 2670 4355 quam·-

378 4346 472 4414 vis,
514 4342 982 4400 immolationem
1033 4344 1364 4413 significat,
1422 4344 1525 4400 sed
1565 4361 1715 4413 quae
1751 4343 1826 4395 fit
1860 4345 1920 4395 in
1955 4341 2290 4408 foederibus
2329 4333 2669 4398 sanciendis.

301 4480 307 4502 ¹
379 4416 543 4485 Ergo.
575 4407 741 4476 idem
775 4413 892 4480 hnc
924 4415 1062 4488 loco
1081 4414 1425 4498 siguificat„
1460 4414 1629 4516 ‚qued
1652 4414 1881 4476 clarim
1900 4416 2173 4486 exprimit
2196 4415 2273 4470 ad
2299 4413 2549 4484 Philipp.
2579 4426 2669 4470 aa·

1446 4605 1454 4632 l
