2820 4895
357 259 487 326 290
909 249 1017 348 m
1066 248 1698 360 ammonae.
1759 197 2097 358 naum
2147 315 2154 322 .

363 402 738 482 dubitatione
768 435 880 476 nos
919 417 1150 474 eximit.
1217 420 1380 491 Ergo
1415 417 1653 489 quoties
1695 418 1984 474 vacillant
2019 416 2245 484 animi,
2263 463 2272 474 ,
2290 415 2647 474 memineri-

364 512 527 559 mus,
566 508 600 544 a
626 488 854 543 Christi
889 497 1082 542 morte
1119 488 1633 542 confirmationem
1669 504 1795 540 esse
1831 487 2078 541 subinde
2119 488 2456 555 petendam.
2531 489 2650 553 Gu-

363 563 456 616 ius
483 560 650 614 enim
669 558 939 624 ignaviae
966 558 1148 624 foret,
1188 558 1373 610 talem
1401 558 1614 609 ducem
1643 558 1814 616 nobis
1843 566 2235 625 praeeuntem
2260 558 2535 610 deserere
2552 557 2580 610 2

506 631 589 682 14.
668 629 743 682 Ut
768 643 970 678 *serves
1011 628 1363 686 mandatum.
1448 626 1707 694 Nomina
1728 623 2005 678 Mandati
2032 624 2338 694 significat
2369 642 2521 694 quae
2547 624 2654 676 ha·
2711 635 2716 640 ’

368 709 575 753 eteuus
615 697 686 748 de
721 695 924 752 officio
953 694 1260 748 Timothei
1290 693 1616 760 disseruit,
1666 710 1923 764 quorum
1947 693 2099 744 haec
2124 693 2246 746 fuit
2276 710 2543 761 summa,
2589 702 2656 746 ut

366 785 429 823 se
462 765 702 820 fidelem
741 762 979 816 Christo
1026 774 1085 815 et
1120 764 1423 816 Ecclesiae
1474 763 1811 816 ministrum
1865 762 2197 842 praeberet,
2257 803 2262 808 .
2295 763 2452 831 Quid
2492 761 2655 814 enim

368 853 519 906 opus
548 843 639 887 est
664 834 778 886 hoc
811 833 1126 884 extendere
1154 833 1225 885 ad
1251 842 1442 892 totam
1471 833 1733 911 Legem?
1774 833 1884 890 nisi
1907 832 2065 888 sorte
2094 828 2459 898 simpliciter
2492 828 2654 890 acci-

367 923 513 977 pere
551 904 680 972 quis
721 900 894 953 malit
933 899 1045 968 pro‘
1078 900 1387 956 functione
1418 899 1511 954 illi
1549 898 1860 956 iniuncta..
1911 900 2116 967 Neque
2144 898 2658 962 enim‘constitui-

370 991 505 1029 mur
533 970 837 1024 Ecclesiae
860 967 1147 1036 ministri,
1189 970 1329 1037 quin
1352 968 1535 1021 simul
1559 968 1729 1026 nobis
1757 970 1920 1022 Deus
1991 968 2341 1034 raescribat,
2370 967 2659 1038 quidnam

371 1059 546 1112 agere
573 1055 682 1091 nos
710 1039 878 1098 velit.
950 1041 1044 1091 Ita
1070 1054 1311 1090 servare
1338 1038 1678 1090 mandatum
1720 1036 1940 1096 nimus
1975 1036 2071 1094 ‘ud
2112 1044 2274 1096 esset.
2349 1054 2506 1092 uam*
2527 1055 2659 1098 mu-

370 1129 479 1166 nus
518 1107 631 1162 sibi
671 1106 1059 1170 commissum
1091 1106 1255 1180 ¹bona
1295 1103 1412 1160 fide
1452 1104 1711 1175 exsequi.
1782 1104 2041 1166 Omnino
2079 1115 2247 1157 certe
2267 1122 2312 1166 {a
2385 1105 2658 1160 ministe-

369 1180 528 1236 rium
565 1175 871 1230 Timothei
910 1176 1130 1227 refero.
1188 1175 1379 1244 .Quae
1420 1185 1750 1244 sequuntur
1790 1173 2089 1242 epitheta,
2141 1172 2301 1242 quod
2339 1174 2412 1226 ad
2450 1191 2662 1227 casum

371 1258 433 1306 et
469 1244 960 1303 terminationem
982 1251 1263 1312 spectat,
1315 1243 1548 1295 Graece
1578 1252 1700 1294 tam
1731 1243 2006 1295 mandato
2034 1260 2210 1311 quam
2238 1259 2528 1309 personae
2557 1243 2660 1295 Ti·

370 1315 604 1372 mathei
630 1312 1033 1372 conveniunt:
1082 1327 1285 1372 sensus
1311 1322 1513 1365 tamen
1532 1348 1550 1377 ,
1588 1328 1765 1381 quem
1790 1310 2058 1375 reddidi,
2093 1311 2285 1364 multo
2315 1320 2405 1365 est
2432 1311 2660 1381 aptior.

370 1387 667 1441 admonet
692 1391 889 1434 autem
915 1380 1151 1446 Paulus,
1188 1381 1340 1434 vitae
1368 1380 1680 1436 sanctitati
1709 1389 1771 1432 et
1801 1378 1968 1448 puris
1996 1379 2266 1433 muribus
2294 1382 2662 1436 studendum

372 1472 530 1519 esse,
564 1450 618 1504 si
648 1450 794 1512 velit
820 1449 1168 1502 Timotheus
1196 1449 1316 1501 rite
1341 1467 1453 1502 suo
1480 1449 1714 1506 muneri
1739 1448 2104 1506 satisfacere.
2251 1450 2438 1519 Usque
2461 1452 2537 1500 ad
2569 1469 2662 1501 tc-

368 1522 720 1576 velationem
750 1519 993 1574 Domini
1017 1519 1207 1576 nostri
1234 1519 1364 1571 Iesu
1396 1518 1637 1572 Christi.
1725 1516 1867 1571 Dici
1895 1534 2018 1572 non
2049 1525 2276 1587 potest,
2315 1531 2490 1587 quam
2519 1519 2659 1571 fue-

370 1592 455 1647 rit
497 1588 607 1671 piis
645 1587 923 1640 omnibus
962 1586 1366 1640 necessarium
1406 1587 1516 1638 illo
1557 1596 1867 1654 tempore,
1912 1597 2139 1640 mentes
2165 1585 2385 1639 habere
2406 1586 2471 1638 in
2496 1587 2660 1639 diem

372 1660 597 1714 Christi
636 1673 877 1725 prorsus
916 1655 1160 1707 defixas:
1214 1663 1395 1724 quum
1425 1655 1502 1707 in*
1517 1657 1737 1708 mundo
1765 1671 2234 1726 quaquaversum
2266 1664 2662 1709 occurrerent

370 1730 691 1788 ,innumera
725 1723 1029 1777 scandala:
1104 1724 1369 1792 Undique
1398 1724 1879 1792 impetebantur,
1933 1724 2202 1776 omnibus
2232 1724 2365 1776 odic
2393 1733 2566 1776 erant
2595 1733 2660 1777 et

375 1795 819 1859 exsecrationi,
878 1794 1144 1848 omnium
1171 1792 1445 1846 ludibriis
1472 1792 1725 1861 expositi
1751 1803 1958 1859 erant,
2009 1792 2269 1861 quotidie
2306 1793 2657 1861 premeban-

371 1877 471 1920 tur
508 1863 674 1916 novis
716 1861 1048 1915 aerumnis:
1101 1861 1302 1914 nullus
1329 1864 1559 1914 interea
1589 1870 1683 1914 tot
1709 1862 1979 1914 laborum
2009 1872 2068 1912 et
2092 1860 2498 1914 molestiarum
2525 1861 2656 1914 fru-

371 1944 504 1988 ctus
534 1932 878 2000 apparebat.
940 1930 1097 1999 Quid
1120 1930 1308 2000 igitur
1331 1941 1460 1983 erat
1485 1931 1803 2000 reliquum,
1835 1930 1948 1982 nisi
1975 1939 2042 1982 ut
2068 1929 2436 2000 cogitatione
2463 1938 2659 1984 trans·

374 2003 645 2055 volarent
682 2000 752 2054 ad
792 2001 1035 2052 beatum
1074 1999 1250 2051 illum
1289 1999 1448 2056 diem
1473 1999 1910 2068 ‚redemptionis
1947 1998 2226 2052 nostrae?
2301 1999 2658 2068 Quanquam

368 2071 578 2126 eadem
600 2069 777 2120 hodie
810 2086 1046 2137 quoque
1072 2068 1227 2120 ratio
1260 2069 1415 2136 apud
1440 2086 1548 2121 nos
1578 2068 1767 2122 valet:
1816 2068 1940 2120 imo
1981 2068 2105 2122 fere
2143 2068 2414 2121 omnibus
2449 2084 2657 2120 saecu-

370 2140 446 2192 lis
488 2149 591 2202 est,
615 2136 968 2194 communis.
1051 2139 1244 2217 Quam
1279 2129 1474 2190 multa'
1500 2136 1663 2188 enim
1694 2135 1928 2189 assidue
1962 2136 2154 2189 oculis
2181 2137 2402 2188 nostris
2424 2136 2656 2206 ingerit

269 2223 277 2232 ‘
371 2209 596 2270 Satan,
670 2222 819 2276 quae
873 2205 1099 2275 alioqui
1150 2221 1258 2258 nos
1306 2222 1340 2257 a
1388 2214 1557 2258 recto
1612 2207 2196 2274 propositocenties
2245 2204 2654 2259 abducerent?

373 2276 607 2332 Omitto
633 2275 837 2343 ignes,
874 2274 1133 2342 gladios,
1183 2273 1392 2327 exsilia
1430 2285 1490 2327 et
1528 2291 1727 2327 omnes
1763 2275 2024 2327 furiosos
2059 2274 2325 2338 hostium
2355 2275 2655 2342 impetus;

372 2345 586 2399 omitto
627 2345 952 2400 calumnias
993 2354 1053 2396 et
1089 2341 1234 2395 alias
1276 2343 1651 2397 vexationen
1693 2360 1870 2414 quam
1897 2344 2087 2398 multa
2116 2353 2254 2396 sunt
2278 2342 2441 2395 intus
2471 2344 2656 2412 longe

368 2411 620 2486 peiora?
674 2411 989 2484 insurgunt
1024 2410 1327 2473 ambitiosi
1365 2411 1673 2479 homines,
1723 2413 2085 2466 subsannant
2113 2412 2397 2480 Epicurei
2436 2421 2498 2464 et
2532 2412 2655 2465 Lu-

371 2483 591 2537 cianici
609 2519 627 2550 ,
675 2484 960 2535 insultant
988 2482 1283 2550 protervi,
1331 2479 1599 2534 fremunt
1627 2483 1976 2550 hypocritae
1994 2519 2011 2549 ‚
2047 2483 2148 2551 qui
2176 2482 2497 2541 secundum
2524 2498 2652 2534 car-

286 2586 289 2593 ·
367 2567 507 2606 nem
545 2546 823 2621 sapiunt,
862 2550 1101 2621 oblique
1140 2567 1249 2603 nos
1291 2552 1601 2617 mordent,
1652 2551 2050 2607 sollicitamur
2075 2549 2252 2613 variis
2279 2551 2508 2613 artibus.
2533 2549 2655 2607 huc

368 2633 430 2676 at
455 2622 633 2674 illuc:
684 2622 935 2690 denique
960 2620 1169 2689 ingens
1198 2629 1288 2671 est
1311 2619 1698 2687 miraculum,
1745 2636 1925 2689 quum
1953 2620 2018 2672 in
2045 2628 2170 2672 tam
2194 2619 2377 2671 arduo
2408 2629 2468 2671 et
2495 2618 2657 2688 peri-

367 2692 573 2746 culoso
606 2707 849 2742 munere
878 2689 1169 2759 quispiam
1194 2687 1485 2740 infractus
1517 2699 1868 2752 perseverat.
1951 2690 2057 2741 His
2083 2699 2178 2741 tot
2200 2688 2656 2740 difficultatibus

367 2759 617 2814 unicum
644 2768 737 2811 est
755 2758 1099 2811 remedium
1118 2795 1134 2823 ,
1176 2756 1380 2817 oculos
1412 2757 1707 2810 coniicere
1736 2757 1798 2808 in
1827 2756 2554 2826 Christiapparitionem,
2596 2767 2657 2807 et

365 2829 539 2897 illinc
569 2845 801 2896 semper
831 2828 1106 2895 pendere.
1176 2826 1333 2895 Quia
1372 2837 1570 2878 autem
1608 2827 1962 2895 praecipites
2004 2825 2071 2877 in
2118 2828 2266 2885 votis,
2303 2827 2520 2878 nostris
2560 2842 2655 2877 so·

367 2897 758 2965 lemusjferri,
801 2908 859 2948 et
887 2911 1096 2963 parum
1121 2895 1295 2947 abest
1320 2895 1468 2964 quin
1496 2895 1651 2946 diem
1682 2905 1744 2947 et
1771 2897 1981 2948 horam
2013 2895 2473 2964 praestituamus
2500 2896 2654 2958 Deo,

276 3002 281 3015 .
370 2983 450 3020 ne
493 2975 794 3034 praestare
833 2965 1098 3030 differat,
1126 2998 1127 3001 =
1151 2963 1200 3016 si
1232 2965 1372 3033 quid
1403 2964 1706 3032 promisit:
1752 2964 1887 3015 ideo
1927 2965 2174 3025 nimiam
2213 2963 2656 3016 festinationem

368 3045 602 3089 mature
632 3034 888 3086 cohibet
926 3033 988 3084 in
1029 3033 1423 3101 exspectando
1451 3031 1676 3084 Christi
1718 3033 1994 3087 adventu.
2080 3035 2230 3085 Nam
2261 3031 2376 3084 boc
2405 3031 2522 3084 sibi
2552 3048 2655 3083 vo-

368 3103 504 3159 lunt
548 3104 696 3167 haec
739 3102 953 3156 verba:
1027 3100 1215 3168 Quam
1250 3103 1374 3153 suis
1416 3103 1761 3167 temparibus
1799 3098 2253 3168 repraesentabit
2293 3104 2493 3153 beatus
2538 3111 2655 3153 etc.

372 3171 664 3241 Aequiore
695 3172 851 3223 enim
880 3171 1073 3221 animo
1104 3179 1451 3237 exspectant
1473 3168 1762 3231 homines,
1794 3172 1960 3229 cuius
1976 3170 2234 3231 nondum
2252 3179 2656 3237 opportunum

367 3241 570 3294 adesse
593 3238 1067 3307 tempuasciunt.
1151 3239 1268 3306 Qui
1295 3239 1367 3290 fit
1395 3248 1458 3290 ut
1490 3237 1556 3291 iu
1582 3238 1921 3295 sustinendo
1951 3249 2202 3295 naturae
2234 3237 2440 3293 ordine
2457 3236 2657 3293 ,simus

367 3318 490 3363 tam
521 3310 854 3378 patientes,
895 3306 1012 3359 nisi
1041 3308 1200 3376 quod
1229 3325 1337 3359 nos
1363 3308 1592 3358 retinet
1620 3308 1732 3358 ista
1756 3309 2068 3375 cogitatio,
2105 3307 2518 3374 intempestive
2546 3324 2658 3359 nos

360 3377 659 3442 facturos,
695 3377 743 3429 si
771 3386 980 3429 contra
1012 3375 1326 3429 desideriis
1357 3374 1587 3427 nostris
1617 3376 1958 3429 luctemur?
2031 3377 2438 3441 Ita-sciamus,
2478 3375 2656 3426 Chri-

369 3447 452 3501 sti
491 3446 846 3499 revelationi
870 3462 1051 3498 ·suum
1090 3462 1217 3498 esse
1244 3454 1481 3514 tempus
1512 3443 1869 3505 destinatum
1887 3481 1917 3513 ,.
1946 3445 2101 3514 quod
2129 3444 2422 3514 patienter
2454 3461 2659 3513 exspe-

371 3526 535 3569 ctare
574 3533 681 3567 nos
724 3523 1024 3582 oporteat.
2028 3554 2046 3563 .-
2401 3546 2406 3553 ·

511 3583 594 3637 15.
663 3583 878 3645 Beatus
907 3596 960 3634 et
987 3583 1149 3634 solus
1176 3582 1465 3650 princeps.
1539 3583 1672 3635 Istis
1699 3581 1905 3650 elogiis
1929 3582 2063 3647 ideo
2095 3581 2333 3634 extollit
2349 3583 2463 3643 Dei
2492 3581 2656 3651 prin·

336 3717 347 3721 p
369 3651 681 3722 cipetum,
707 3670 783 3707 ne
811 3650 1163 3721 ,principum
1203 3651 1642 3707 huius.saeculi
1684 3650 1906 3719 fulgor.
1929 3650 2136 3705 oculos
2170 3650 2334 3705 nobis
2368 3650 2656 3719 perstrin-

369 3730 490 3791 gat.
562 3723 643 3773 Ac
680 3719 1004 3789 praecipue
1034 3720 1146 3772 illo
1184 3729 1456 3788 tempore
1485 3721 1822 3771 necessaria
1846 3720 1964 3783 fuit
1990 3719 2275 3773 eiusmodi
2308 3719 2657 3778 admonitio.

369 3797 593 3859 quanta
631 3789 784 3853 enim
820 3799 974 3842 *tunc
1016 3787 1134 3840 fuit
1179 3803 1505 3856 regnorum
1549 3788 1813 3840 omnium
1861 3790 2203 3858 magnitudo
2255 3798 2316 3843 et
2364 3788 2657 3857 potentia,

369 3858 723 3910 tantundem
739 3858 855 3910 Dei
881 3856 1249 3911 maiestas-et
1276 3857 1471 3924 gloria
1504 3857 1988 3910 obscurabantur.
2067 3859 2214 3910 Nam
2241 3866 2538 3929 quotquot
2560 3874 2656 3910 re·

366 3942 503 3995 rum
528 3926 942 3994 potiebantur,
976 3943 1099 3977 non
1121 3925 1295 3978 modo
1323 3924 1692 3977 infestissimi
1723 3936 1904 3981 erant.
1919 3926 2093 3995 regni
2119 3925 2241 3978 Dei
2268 3927 2495 3979 hostes:
2550 3926 2657 3989 sed,

369 3995 623 4065 superbe
658 3992 1029 4047 *insultabant
1044 3995 1215 4059 Deo,
1266 4010 1613 4061 sacrumque
1645 3993 1773 4047 eius
1802 4011 2023 4048 nomen
2057 3995 2297 4064 pedibus
2327 3994 2655 4049 calcabant·

370 4064 455 4116 Ac
500 4080 629 4132 quou
659 4064 882 4116 maiore
922 4064 1076 4114 fastu
1116 4058 1530 4130 despiciebant
1566 4080 1782 4119 veram,
1806 4062 2193 4133 religionem,
2243 4080 2315 4115 eo
2352 4063 2653 4116 beatiores

372 4132 485 4185 sibi
508 4130 875 4184 videbantur.
948 4128 1099 4201 Quis,
1131 4148 1249 4182 non
1289 4146 1361 4183 ex
1401 4128 1507 4181 tali
1546 4147 1752 4183 rerum
1789 4131 1940 4184 facie
1976 4132 2296 4184 iudicasset
2325 4130 2655 4185 Deunsmi-

366 4217 498 4253 sere
527 4200 750 4252 victum
785 4208 845 4250 et
869 4198 1257 4266 oppressum?
1344 4197 1625 4251 Videmus
1644 4235 1661 4265 ,
1697 4200 2217 4269 quam.insolenter
2247 4200 2533 4253 efferatur
2557 4200 2654 4251 Ci-

370 4285 511 4322 cero
541 4268 817 4335 adversus
845 4267 1095 4319 Iudaeos
1127 4274 1374 4336 propter
1399 4267 1661 4320 afflictas
1690 4286 1895 4321 eorum
1922 4270 2233 4332 fortunas,
2281 4270 2344 4320 in
2377 4271 2652 4321 oratione

407 4352 474 4388 rc
517 4338 754 4391 Flacco.
853 4336 1012 4389 Dum
1051 4335 1137 4386 ita
1178 4334 1676 4397 rebusseoundis
1718 4336 1965 4393 inflatos
2010 4338 2398 4406 esse-impios
2445 4336 2653 4399 vident

405 4406 541 4474 oni,
583 4403 899 4476 ⁴interdum
953 4402 1372 4461 exanimantur
1384 4423 1406 4469 ,ε
1472 4421 1660 4473 quare
1698 4405 1911 4471 Paulus
1927 4443 1954 4475 ‚r
2006 4415 2080 4464 ut
2122 4408 2195 4460 ab
2238 4406 2487 4462 evanido
2533 4407 2649 4459 isto
2725 4468 2732 4477 f

2429 4552 2456 4575 d
