<?xml version="1.0" encoding="UTF-8"?>
<!DOCTYPE html PUBLIC "-//W3C//DTD XHTML 1.0 Transitional//EN"
    "http://www.w3.org/TR/xhtml1/DTD/xhtml1-transitional.dtd">
<html xmlns="http://www.w3.org/1999/xhtml" xml:lang="en" lang="en">
 <head>
  <title>
</title>
<meta http-equiv="Content-Type" content="text/html;charset=utf-8" />
  <meta name='ocr-system' content='tesseract 3.04.00' />
  <meta name='ocr-capabilities' content='ocr_page ocr_carea ocr_par ocr_line ocrx_word'/>
</head>
<body>
  <div class='ocr_page' id='page_1' title='image "./johanniscalvini00calvgoog_0368.png"; bbox 0 0 2820 4895; ppageno 0'>
   <div class='ocr_carea' id='block_1_1' title="bbox 369 198 2128 354">
    <p class='ocr_par' dir='ltr' id='par_1_1' title="bbox 369 198 2128 354">
     <span class='ocr_line' id='line_1_1' title="bbox 369 198 2128 354; baseline -0.007 -34"><span class='ocrx_word' id='word_1_1' title='bbox 369 198 501 320; x_wconf 76' lang='lat' dir='ltr'><strong>sss</strong></span> <span class='ocrx_word' id='word_1_2' title='bbox 926 245 1034 311; x_wconf 76' lang='lat' dir='ltr'><strong>m</strong></span> <span class='ocrx_word' id='word_1_3' title='bbox 1092 216 1730 354; x_wconf 64' lang='lat' dir='ltr'><strong>ams‘ronam</strong></span> <span class='ocrx_word' id='word_1_4' title='bbox 1788 240 2128 314; x_wconf 66' lang='lat' dir='ltr'><strong>mum</strong></span> 
     </span>
    </p>
   </div>
   <div class='ocr_carea' id='block_1_2' title="bbox 305 411 2690 897">
    <p class='ocr_par' dir='ltr' id='par_1_2' title="bbox 305 411 2690 897">
     <span class='ocr_line' id='line_1_2' title="bbox 513 411 2687 484; baseline -0.003 -10"><span class='ocrx_word' id='word_1_5' title='bbox 513 419 563 474; x_wconf 89' lang='grc'><strong>7.</strong></span> <span class='ocrx_word' id='word_1_6' title='bbox 635 412 906 471; x_wconf 69' lang='lat' dir='ltr'><strong>Gratiam</strong></span> <span class='ocrx_word' id='word_1_7' title='bbox 933 414 1219 467; x_wconf 71' lang='lat' dir='ltr'><strong>habemus.</strong></span> <span class='ocrx_word' id='word_1_8' title='bbox 1290 411 1558 466; x_wconf 79' lang='lat' dir='ltr'><strong>Tametsi</strong></span> <span class='ocrx_word' id='word_1_9' title='bbox 1587 411 1741 481; x_wconf 87' lang='lat' dir='ltr'><strong>apud</strong></span> <span class='ocrx_word' id='word_1_10' title='bbox 1769 412 2037 466; x_wconf 83' lang='lat' dir='ltr'><strong>Graecos</strong></span> <span class='ocrx_word' id='word_1_11' title='bbox 2068 413 2378 484; x_wconf 72' lang='lat' dir='ltr'>receptior</span> <span class='ocrx_word' id='word_1_12' title='bbox 2408 423 2504 467; x_wconf 86' lang='lat' dir='ltr'><strong>est</strong></span> <span class='ocrx_word' id='word_1_13' title='bbox 2532 412 2687 468; x_wconf 80' lang='lat' dir='ltr'><strong>haec</strong></span> 
     </span>
     <span class='ocr_line' id='line_1_3' title="bbox 378 479 2685 554; baseline -0.004 -10"><span class='ocrx_word' id='word_1_14' title='bbox 378 489 596 554; x_wconf 85' lang='lat' dir='ltr'><strong>lectio,</strong></span> <span class='ocrx_word' id='word_1_15' title='bbox 639 485 988 543; x_wconf 82' lang='lat' dir='ltr'><strong>vertendum</strong></span> <span class='ocrx_word' id='word_1_16' title='bbox 1017 494 1214 535; x_wconf 86' lang='lat' dir='ltr'><strong>tamen</strong></span> <span class='ocrx_word' id='word_1_17' title='bbox 1248 498 1497 534; x_wconf 78' lang='lat' dir='ltr'><strong>censeo:</strong></span> <span class='ocrx_word' id='word_1_18' title='bbox 1552 481 1870 534; x_wconf 80' lang='lat' dir='ltr'><strong>Gaudium.</strong></span> <span class='ocrx_word' id='word_1_19' title='bbox 1946 484 2099 534; x_wconf 89' lang='lat' dir='ltr'><strong>Nam</strong></span> <span class='ocrx_word' id='word_1_20' title='bbox 2135 483 2271 553; x_wconf 80' lang='lat' dir='ltr'><strong>quia</strong></span> <span class='ocrx_word' id='word_1_21' title='bbox 2306 482 2475 535; x_wconf 88' lang='lat' dir='ltr'><strong>inter</strong></span> <span class='ocrx_word' id='word_1_22' title='bbox 2557 479 2685 554; x_wconf 65' lang='grc' dir='ltr'><strong>ἄρα</strong></span> 
     </span>
     <span class='ocr_line' id='line_1_4' title="bbox 384 548 2686 628; baseline -0.003 -18"><span class='ocrx_word' id='word_1_23' title='bbox 384 570 446 613; x_wconf 87' lang='lat' dir='ltr'><strong>et</strong></span> <span class='ocrx_word' id='word_1_24' title='bbox 465 551 658 628; x_wconf 73' lang='grc' dir='ltr'><strong><em>χαρίεν</em></strong></span> <span class='ocrx_word' id='word_1_25' title='bbox 683 570 892 623; x_wconf 85' lang='lat' dir='ltr'><strong>parum</strong></span> <span class='ocrx_word' id='word_1_26' title='bbox 927 561 1016 605; x_wconf 88' lang='lat' dir='ltr'><strong>est</strong></span> <span class='ocrx_word' id='word_1_27' title='bbox 1047 550 1443 615; x_wconf 76' lang='lat' dir='ltr'><strong>discriminis,</strong></span> <span class='ocrx_word' id='word_1_28' title='bbox 1497 548 1765 618; x_wconf 83' lang='lat' dir='ltr'><strong>proclive</strong></span> <span class='ocrx_word' id='word_1_29' title='bbox 1797 550 1915 603; x_wconf 83' lang='lat' dir='ltr'><strong>fuit</strong></span> <span class='ocrx_word' id='word_1_30' title='bbox 1942 550 2004 603; x_wconf 87' lang='lat' dir='ltr'><strong>in</strong></span> <span class='ocrx_word' id='word_1_31' title='bbox 2038 568 2156 604; x_wconf 88' lang='lat' dir='ltr'><strong>una</strong></span> <span class='ocrx_word' id='word_1_32' title='bbox 2187 553 2393 604; x_wconf 87' lang='lat' dir='ltr'><strong>littera</strong></span> <span class='ocrx_word' id='word_1_33' title='bbox 2421 553 2502 603; x_wconf 84' lang='lat' dir='ltr'><strong>ha</strong></span> <span class='ocrx_word' id='word_1_34' title='bbox 2532 554 2686 604; x_wconf 87' lang='lat' dir='ltr'><strong>luci·</strong></span> 
     </span>
     <span class='ocr_line' id='line_1_5' title="bbox 382 617 2687 691; baseline -0.002 -11"><span class='ocrx_word' id='word_1_35' title='bbox 382 630 546 689; x_wconf 86' lang='lat' dir='ltr'><strong>nari;</strong></span> <span class='ocrx_word' id='word_1_36' title='bbox 600 623 808 677; x_wconf 87' lang='lat' dir='ltr'><strong>deinde</strong></span> <span class='ocrx_word' id='word_1_37' title='bbox 841 621 985 674; x_wconf 87' lang='lat' dir='ltr'><strong>alibi</strong></span> <span class='ocrx_word' id='word_1_38' title='bbox 1003 617 1176 691; x_wconf 81' lang='grc' dir='ltr'><em>χάριν</em></span> <span class='ocrx_word' id='word_1_39' title='bbox 1208 637 1316 687; x_wconf 87' lang='lat' dir='ltr'><strong>pro</strong></span> <span class='ocrx_word' id='word_1_40' title='bbox 1348 618 1564 688; x_wconf 62' lang='lat' dir='ltr'><strong>gaudio</strong></span> <span class='ocrx_word' id='word_1_41' title='bbox 1594 630 1840 688; x_wconf 83' lang='lat' dir='ltr'><strong>usurpat</strong></span> <span class='ocrx_word' id='word_1_42' title='bbox 1872 620 2083 672; x_wconf 88' lang='lat' dir='ltr'><strong>Paulus</strong></span> <span class='ocrx_word' id='word_1_43' title='bbox 2104 655 2122 685; x_wconf 84' lang='lat'><strong>,</strong></span> <span class='ocrx_word' id='word_1_44' title='bbox 2173 622 2222 671; x_wconf 83' lang='lat' dir='ltr'><strong>si</strong></span> <span class='ocrx_word' id='word_1_45' title='bbox 2259 632 2466 673; x_wconf 87' lang='lat' dir='ltr'><strong>tamen</strong></span> <span class='ocrx_word' id='word_1_46' title='bbox 2495 622 2687 689; x_wconf 78' lang='lat' dir='ltr'><strong>Chry-</strong></span> 
     </span>
     <span class='ocr_line' id='line_1_6' title="bbox 382 687 2689 767; baseline -0.003 -17"><span class='ocrx_word' id='word_1_47' title='bbox 382 708 646 750; x_wconf 86' lang='lat' dir='ltr'><strong>sostomo</strong></span> <span class='ocrx_word' id='word_1_48' title='bbox 674 690 959 744; x_wconf 89' lang='lat' dir='ltr'><strong>creditur.</strong></span> <span class='ocrx_word' id='word_1_49' title='bbox 1045 692 1172 742; x_wconf 85' lang='lat' dir='ltr'><strong>Iam</strong></span> <span class='ocrx_word' id='word_1_50' title='bbox 1201 688 1344 755; x_wconf 88' lang='lat' dir='ltr'><strong>quid</strong></span> <span class='ocrx_word' id='word_1_51' title='bbox 1376 688 1567 767; x_wconf 71' lang='lat' dir='ltr'><strong>gratia</strong></span> <span class='ocrx_word' id='word_1_52' title='bbox 1595 687 1666 738; x_wconf 83' lang='lat' dir='ltr'><strong>ad</strong></span> <span class='ocrx_word' id='word_1_53' title='bbox 1697 687 2165 740; x_wconf 75' lang='lat' dir='ltr'><strong>consolationem</strong></span> <span class='ocrx_word' id='word_1_54' title='bbox 2184 688 2211 741; x_wconf 80' lang='lat'><strong>⁴?</strong></span> <span class='ocrx_word' id='word_1_55' title='bbox 2285 689 2443 742; x_wconf 78' lang='lat' dir='ltr'><strong>Satis</strong></span> <span class='ocrx_word' id='word_1_56' title='bbox 2481 699 2689 744; x_wconf 81' lang='lat' dir='ltr'><strong>autem</strong></span> 
     </span>
     <span class='ocr_line' id='line_1_7' title="bbox 305 756 2690 830; baseline -0.003 -12"><span class='ocrx_word' id='word_1_57' title='bbox 305 758 308 767; x_wconf 72' lang='grc'>’</span> <span class='ocrx_word' id='word_1_58' title='bbox 385 773 649 830; x_wconf 85' lang='lat' dir='ltr'><strong>constat,</strong></span> <span class='ocrx_word' id='word_1_59' title='bbox 741 760 981 813; x_wconf 86' lang='lat' dir='ltr'><strong>uidnam</strong></span> <span class='ocrx_word' id='word_1_60' title='bbox 1009 757 1112 810; x_wconf 83' lang='lat' dir='ltr'><strong>hic</strong></span> <span class='ocrx_word' id='word_1_61' title='bbox 1139 756 1258 808; x_wconf 87' lang='lat' dir='ltr'><strong>sibi</strong></span> <span class='ocrx_word' id='word_1_62' title='bbox 1289 757 1472 824; x_wconf 76' lang='lat' dir='ltr'><strong>velit,</strong></span> <span class='ocrx_word' id='word_1_63' title='bbox 1519 773 1736 824; x_wconf 87' lang='lat' dir='ltr'><strong>nempe</strong></span> <span class='ocrx_word' id='word_1_64' title='bbox 1762 772 1980 823; x_wconf 77' lang='lat' dir='ltr'><strong>magna</strong></span> <span class='ocrx_word' id='word_1_65' title='bbox 2013 774 2075 808; x_wconf 88' lang='lat' dir='ltr'><strong>se</strong></span> <span class='ocrx_word' id='word_1_66' title='bbox 2108 756 2349 810; x_wconf 88' lang='lat' dir='ltr'><strong>laetitia</strong></span> <span class='ocrx_word' id='word_1_67' title='bbox 2381 769 2453 819; x_wconf 62' lang='lat' dir='ltr'><strong>et,</strong></span> <span class='ocrx_word' id='word_1_68' title='bbox 2473 775 2690 810; x_wconf 83' lang='lat' dir='ltr'><strong>conso·</strong></span> 
     </span>
     <span class='ocr_line' id='line_1_8' title="bbox 382 824 2687 897; baseline -0.003 -11"><span class='ocrx_word' id='word_1_69' title='bbox 382 834 602 887; x_wconf 88' lang='lat' dir='ltr'><strong>latione</strong></span> <span class='ocrx_word' id='word_1_70' title='bbox 656 847 689 882; x_wconf 91' lang='lat' dir='ltr'><strong>a</strong></span> <span class='ocrx_word' id='word_1_71' title='bbox 720 828 852 890; x_wconf 84' lang='lat' dir='ltr'><strong>fici,</strong></span> <span class='ocrx_word' id='word_1_72' title='bbox 914 826 1052 897; x_wconf 81' lang='lat' dir='ltr'><strong>quia</strong></span> <span class='ocrx_word' id='word_1_73' title='bbox 1095 826 1410 877; x_wconf 82' lang='lat' dir='ltr'><strong>Philemon</strong></span> <span class='ocrx_word' id='word_1_74' title='bbox 1452 825 1692 894; x_wconf 88' lang='lat' dir='ltr'><strong>piorum</strong></span> <span class='ocrx_word' id='word_1_75' title='bbox 1733 824 2189 878; x_wconf 82' lang='lat' dir='ltr'><strong>necessitatibus</strong></span> <span class='ocrx_word' id='word_1_76' title='bbox 2231 843 2409 894; x_wconf 87' lang='lat' dir='ltr'><strong>opem</strong></span> <span class='ocrx_word' id='word_1_77' title='bbox 2446 826 2687 880; x_wconf 84' lang='lat' dir='ltr'><strong>tulerit.</strong></span> 
     </span>
    </p>
   </div>
   <div class='ocr_carea' id='block_1_3' title="bbox 384 892 2787 964">
    <p class='ocr_par' dir='ltr' id='par_1_3' title="bbox 384 892 2787 964">
     <span class='ocr_line' id='line_1_9' title="bbox 384 892 2787 964; baseline -0.003 -9"><span class='ocrx_word' id='word_1_78' title='bbox 384 903 513 955; x_wconf 86' lang='lat' dir='ltr'><strong>Hoc</strong></span> <span class='ocrx_word' id='word_1_79' title='bbox 549 910 745 953; x_wconf 81' lang='lat' dir='ltr'><strong>autem</strong></span> <span class='ocrx_word' id='word_1_80' title='bbox 788 896 959 949; x_wconf 69' lang='lat' dir='ltr'><strong>ra‘rae</strong></span> <span class='ocrx_word' id='word_1_81' title='bbox 1002 904 1094 948; x_wconf 88' lang='lat' dir='ltr'><strong>est</strong></span> <span class='ocrx_word' id='word_1_82' title='bbox 1135 894 1438 957; x_wconf 83' lang='lat' dir='ltr'><strong>caritatis,</strong></span> <span class='ocrx_word' id='word_1_83' title='bbox 1490 911 1561 945; x_wconf 88' lang='lat' dir='ltr'><strong>ex</strong></span> <span class='ocrx_word' id='word_1_84' title='bbox 1599 892 1862 947; x_wconf 87' lang='lat' dir='ltr'><strong>aliorum</strong></span> <span class='ocrx_word' id='word_1_85' title='bbox 1897 894 2058 944; x_wconf 85' lang='lat' dir='ltr'><strong>bono</strong></span> <span class='ocrx_word' id='word_1_86' title='bbox 2098 904 2334 947; x_wconf 88' lang='lat' dir='ltr'><strong>tantum</strong></span> <span class='ocrx_word' id='word_1_87' title='bbox 2361 896 2687 964; x_wconf 76' lang='lat' dir='ltr'><strong>percipere</strong></span> <span class='ocrx_word' id='word_1_88' title='bbox 2786 914 2787 925; x_wconf 58' lang='lat'>¹</span> 
     </span>
    </p>
   </div>
   <div class='ocr_carea' id='block_1_4' title="bbox 381 962 2692 1447">
    <p class='ocr_par' dir='ltr' id='par_1_4' title="bbox 381 962 2692 1447">
     <span class='ocr_line' id='line_1_10' title="bbox 384 962 2691 1042; baseline -0.002 -21"><span class='ocrx_word' id='word_1_89' title='bbox 384 968 606 1042; x_wconf 72' lang='lat' dir='ltr'><strong>gaudii.</strong></span> <span class='ocrx_word' id='word_1_90' title='bbox 680 966 842 1017; x_wconf 89' lang='lat' dir='ltr'><strong>Adde</strong></span> <span class='ocrx_word' id='word_1_91' title='bbox 880 965 1034 1034; x_wconf 82' lang='lat' dir='ltr'><strong>quod</strong></span> <span class='ocrx_word' id='word_1_92' title='bbox 1073 980 1188 1015; x_wconf 88' lang='lat' dir='ltr'><strong>non</strong></span> <span class='ocrx_word' id='word_1_93' title='bbox 1228 962 1531 1031; x_wconf 76' lang='lat' dir='ltr'><strong>privatum</strong></span> <span class='ocrx_word' id='word_1_94' title='bbox 1562 963 1740 1013; x_wconf 87' lang='lat' dir='ltr'><strong>modo</strong></span> <span class='ocrx_word' id='word_1_95' title='bbox 1776 962 2057 1028; x_wconf 83' lang='lat' dir='ltr'><strong>gaudium</strong></span> <span class='ocrx_word' id='word_1_96' title='bbox 2084 964 2315 1031; x_wconf 79' lang='lat' dir='ltr'><strong>profert</strong></span> <span class='ocrx_word' id='word_1_97' title='bbox 2343 965 2691 1032; x_wconf 74' lang='lat' dir='ltr'><strong>Apostolus,</strong></span> 
     </span>
     <span class='ocr_line' id='line_1_11' title="bbox 381 1029 2689 1104; baseline -0.003 -11"><span class='ocrx_word' id='word_1_98' title='bbox 381 1040 486 1094; x_wconf 82' lang='lat' dir='ltr'><strong>sed</strong></span> <span class='ocrx_word' id='word_1_99' title='bbox 526 1036 862 1104; x_wconf 87' lang='lat' dir='ltr'><strong>complures</strong></span> <span class='ocrx_word' id='word_1_100' title='bbox 908 1031 1091 1085; x_wconf 86' lang='lat' dir='ltr'><strong>fuisse</strong></span> <span class='ocrx_word' id='word_1_101' title='bbox 1127 1033 1417 1095; x_wconf 85' lang='lat' dir='ltr'><strong>laetatos,</strong></span> <span class='ocrx_word' id='word_1_102' title='bbox 1464 1029 1622 1099; x_wconf 72' lang='lat' dir='ltr'><strong>quod</strong></span> <span class='ocrx_word' id='word_1_103' title='bbox 1661 1030 2007 1082; x_wconf 70' lang='lat' dir='ltr'><strong>humaniter</strong></span> <span class='ocrx_word' id='word_1_104' title='bbox 2043 1040 2104 1082; x_wconf 86' lang='lat' dir='ltr'><strong>et</strong></span> <span class='ocrx_word' id='word_1_105' title='bbox 2143 1033 2404 1100; x_wconf 82' lang='lat' dir='ltr'><strong>benigne</strong></span> <span class='ocrx_word' id='word_1_106' title='bbox 2430 1033 2549 1100; x_wconf 86' lang='lat' dir='ltr'><strong>piis</strong></span> <span class='ocrx_word' id='word_1_107' title='bbox 2581 1034 2689 1086; x_wconf 86' lang='lat' dir='ltr'><strong>ho-</strong></span> 
     </span>
     <span class='ocr_line' id='line_1_12' title="bbox 384 1098 2692 1172; baseline -0.003 -10"><span class='ocrx_word' id='word_1_108' title='bbox 384 1107 648 1162; x_wconf 86' lang='lat' dir='ltr'><strong>minibus</strong></span> <span class='ocrx_word' id='word_1_109' title='bbox 696 1103 1020 1171; x_wconf 68' lang='lat' dir='ltr'><strong>opitulatus</strong></span> <span class='ocrx_word' id='word_1_110' title='bbox 1071 1110 1227 1152; x_wconf 84' lang='lat' dir='ltr'><strong>esset</strong></span> <span class='ocrx_word' id='word_1_111' title='bbox 1267 1100 1592 1153; x_wconf 79' lang='lat' dir='ltr'><strong>Philemon.</strong></span> <span class='ocrx_word' id='word_1_112' title='bbox 1688 1098 2055 1162; x_wconf 79' lang='lat' dir='ltr'><strong>Resocillare</strong></span> <span class='ocrx_word' id='word_1_113' title='bbox 2108 1102 2335 1151; x_wconf 81' lang='lat' dir='ltr'><strong>viscera</strong></span> <span class='ocrx_word' id='word_1_114' title='bbox 2387 1103 2692 1172; x_wconf 79' lang='lat' dir='ltr'><strong>accipitur</strong></span> 
     </span>
     <span class='ocr_line' id='line_1_13' title="bbox 385 1166 2691 1246; baseline -0.003 -16"><span class='ocrx_word' id='word_1_115' title='bbox 385 1176 542 1246; x_wconf 79' lang='lat' dir='ltr'><strong>apud</strong></span> <span class='ocrx_word' id='word_1_116' title='bbox 568 1173 819 1226; x_wconf 89' lang='lat' dir='ltr'><strong>Paulum</strong></span> <span class='ocrx_word' id='word_1_117' title='bbox 848 1187 956 1241; x_wconf 90' lang='lat' dir='ltr'><strong>pro</strong></span> <span class='ocrx_word' id='word_1_118' title='bbox 987 1169 1217 1220; x_wconf 78' lang='lat' dir='ltr'><strong>Afferre</strong></span> <span class='ocrx_word' id='word_1_119' title='bbox 1244 1166 1611 1220; x_wconf 77' lang='lat' dir='ltr'><strong>levationem</strong></span> <span class='ocrx_word' id='word_1_120' title='bbox 1636 1184 1669 1217; x_wconf 90' lang='lat' dir='ltr'><strong>a</strong></span> <span class='ocrx_word' id='word_1_121' title='bbox 1701 1166 2004 1233; x_wconf 87' lang='lat' dir='ltr'><strong>molestiis,</strong></span> <span class='ocrx_word' id='word_1_122' title='bbox 2042 1170 2139 1219; x_wconf 83' lang='lat' dir='ltr'><strong>vel</strong></span> <span class='ocrx_word' id='word_1_123' title='bbox 2167 1169 2401 1221; x_wconf 88' lang='lat' dir='ltr'><strong>miseris</strong></span> <span class='ocrx_word' id='word_1_124' title='bbox 2426 1170 2522 1224; x_wconf 86' lang='lat' dir='ltr'><strong>ita</strong></span> <span class='ocrx_word' id='word_1_125' title='bbox 2551 1189 2691 1225; x_wconf 89' lang='lat' dir='ltr'><strong>suc-</strong></span> 
     </span>
     <span class='ocr_line' id='line_1_14' title="bbox 386 1235 2689 1309; baseline -0.002 -11"><span class='ocrx_word' id='word_1_126' title='bbox 386 1261 662 1308; x_wconf 84' lang='lat' dir='ltr'><strong>currere,</strong></span> <span class='ocrx_word' id='word_1_127' title='bbox 710 1251 777 1292; x_wconf 88' lang='lat' dir='ltr'><strong>ut</strong></span> <span class='ocrx_word' id='word_1_128' title='bbox 815 1238 1047 1309; x_wconf 80' lang='lat' dir='ltr'><strong>pacatis</strong></span> <span class='ocrx_word' id='word_1_129' title='bbox 1082 1237 1289 1289; x_wconf 86' lang='lat' dir='ltr'><strong>animis</strong></span> <span class='ocrx_word' id='word_1_130' title='bbox 1331 1247 1391 1288; x_wconf 89' lang='lat' dir='ltr'><strong>et</strong></span> <span class='ocrx_word' id='word_1_131' title='bbox 1428 1237 1589 1288; x_wconf 88' lang='lat' dir='ltr'><strong>omni</strong></span> <span class='ocrx_word' id='word_1_132' title='bbox 1617 1235 1888 1295; x_wconf 86' lang='lat' dir='ltr'><strong>molestia</strong></span> <span class='ocrx_word' id='word_1_133' title='bbox 1918 1252 1984 1287; x_wconf 90' lang='lat' dir='ltr'><strong>ac</strong></span> <span class='ocrx_word' id='word_1_134' title='bbox 2012 1236 2260 1289; x_wconf 85' lang='lat' dir='ltr'><strong>tristitia</strong></span> <span class='ocrx_word' id='word_1_135' title='bbox 2290 1239 2493 1291; x_wconf 83' lang='lat' dir='ltr'><strong>vacuis</strong></span> <span class='ocrx_word' id='word_1_136' title='bbox 2522 1242 2689 1309; x_wconf 84' lang='lat' dir='ltr'><strong>quie-</strong></span> 
     </span>
     <span class='ocr_line' id='line_1_15' title="bbox 390 1297 2688 1374; baseline -0.002 -8"><span class='ocrx_word' id='word_1_137' title='bbox 390 1325 577 1367; x_wconf 84' lang='lat' dir='ltr'><strong>scant.</strong></span> <span class='ocrx_word' id='word_1_138' title='bbox 661 1311 812 1361; x_wconf 88' lang='lat' dir='ltr'><strong>Nam</strong></span> <span class='ocrx_word' id='word_1_139' title='bbox 841 1308 1079 1359; x_wconf 84' lang='lat' dir='ltr'><strong>Viscera</strong></span> <span class='ocrx_word' id='word_1_140' title='bbox 1105 1306 1355 1357; x_wconf 84' lang='lat' dir='ltr'><strong>affectus</strong></span> <span class='ocrx_word' id='word_1_141' title='bbox 1387 1304 1763 1374; x_wconf 82' lang='lat' dir='ltr'><strong>significant,</strong></span> <span class='ocrx_word' id='word_1_142' title='bbox 1812 1299 2124 1364; x_wconf 77' lang='grc' dir='ltr'><em>ἀνάπαυσις</em></span> <span class='ocrx_word' id='word_1_143' title='bbox 2154 1297 2688 1362; x_wconf 82' lang='lat' dir='ltr'><strong>vero‘tantundem</strong></span> 
     </span>
     <span class='ocr_line' id='line_1_16' title="bbox 384 1372 2689 1447; baseline -0.003 -12"><span class='ocrx_word' id='word_1_144' title='bbox 384 1383 547 1435; x_wconf 79' lang='lat' dir='ltr'><strong>valet</strong></span> <span class='ocrx_word' id='word_1_145' title='bbox 586 1396 657 1432; x_wconf 86' lang='lat' dir='ltr'><strong>ae</strong></span> <span class='ocrx_word' id='word_1_146' title='bbox 697 1376 1127 1444; x_wconf 76' lang='lat' dir='ltr'><strong>tranquillitas:</strong></span> <span class='ocrx_word' id='word_1_147' title='bbox 1173 1375 1303 1427; x_wconf 89' lang='lat' dir='ltr'><strong>ideo</strong></span> <span class='ocrx_word' id='word_1_148' title='bbox 1338 1374 1517 1447; x_wconf 81' lang='lat' dir='ltr'><strong>longe</strong></span> <span class='ocrx_word' id='word_1_149' title='bbox 1553 1372 1880 1436; x_wconf 86' lang='lat' dir='ltr'><strong>falluntur,</strong></span> <span class='ocrx_word' id='word_1_150' title='bbox 1942 1375 2044 1443; x_wconf 83' lang='lat' dir='ltr'><strong>qui</strong></span> <span class='ocrx_word' id='word_1_151' title='bbox 2072 1376 2144 1427; x_wconf 88' lang='lat' dir='ltr'><strong>ad</strong></span> <span class='ocrx_word' id='word_1_152' title='bbox 2172 1385 2444 1428; x_wconf 81' lang='lat' dir='ltr'><strong>ventrem</strong></span> <span class='ocrx_word' id='word_1_153' title='bbox 2478 1386 2544 1429; x_wconf 88' lang='lat' dir='ltr'><strong>et</strong></span> <span class='ocrx_word' id='word_1_154' title='bbox 2579 1378 2689 1429; x_wconf 83' lang='lat' dir='ltr'><strong>ali·</strong></span> 
     </span>
    </p>
   </div>
   <div class='ocr_carea' id='block_1_5' title="bbox 390 1448 1074 1513">
    <p class='ocr_par' dir='ltr' id='par_1_5' title="bbox 390 1448 1074 1513">
     <span class='ocr_line' id='line_1_17' title="bbox 390 1448 1074 1513; baseline -0.013 -8"><span class='ocrx_word' id='word_1_155' title='bbox 390 1460 595 1505; x_wconf 88' lang='lat' dir='ltr'><strong>menta</strong></span> <span class='ocrx_word' id='word_1_156' title='bbox 625 1448 743 1500; x_wconf 90' lang='lat' dir='ltr'><strong>hoc</strong></span> <span class='ocrx_word' id='word_1_157' title='bbox 770 1454 1074 1513; x_wconf 79' lang='lat' dir='ltr'><strong>torquent.</strong></span> 
     </span>
    </p>
   </div>
   <div class='ocr_carea' id='block_1_6' title="bbox 385 1576 2691 2262">
    <p class='ocr_par' dir='ltr' id='par_1_6' title="bbox 385 1576 2691 2262">
     <span class='ocr_line' id='line_1_18' title="bbox 479 1576 2691 1666; baseline 0 -21"><span class='ocrx_word' id='word_1_158' title='bbox 479 1599 486 1611; x_wconf 91' lang='grc'>’</span> <span class='ocrx_word' id='word_1_159' title='bbox 554 1586 615 1649; x_wconf 86' lang='grc'><strong>8.</strong></span> <span class='ocrx_word' id='word_1_160' title='bbox 677 1580 1120 1666; x_wconf 84' lang='lat' dir='ltr'><strong>Quapropter</strong></span> <span class='ocrx_word' id='word_1_161' title='bbox 1159 1577 1440 1644; x_wconf 88' lang='lat' dir='ltr'><strong>multam</strong></span> <span class='ocrx_word' id='word_1_162' title='bbox 1479 1583 1549 1642; x_wconf 90' lang='lat' dir='ltr'><strong>in</strong></span> <span class='ocrx_word' id='word_1_163' title='bbox 1583 1576 1864 1649; x_wconf 87' lang='lat' dir='ltr'><strong>Christo</strong></span> <span class='ocrx_word' id='word_1_164' title='bbox 1903 1576 2212 1651; x_wconf 85' lang='lat' dir='ltr'><strong>fiduciam</strong></span> <span class='ocrx_word' id='word_1_165' title='bbox 2257 1579 2517 1647; x_wconf 88' lang='lat' dir='ltr'><strong>habens</strong></span> <span class='ocrx_word' id='word_1_166' title='bbox 2550 1587 2691 1646; x_wconf 87' lang='lat' dir='ltr'><strong>im·-</strong></span> 
     </span>
     <span class='ocr_line' id='line_1_19' title="bbox 386 1663 2690 1760; baseline -0.002 -25"><span class='ocrx_word' id='word_1_167' title='bbox 386 1669 669 1760; x_wconf 86' lang='lat' dir='ltr'><strong>perandi</strong></span> <span class='ocrx_word' id='word_1_168' title='bbox 699 1669 846 1745; x_wconf 85' lang='lat' dir='ltr'><strong>tibi,</strong></span> <span class='ocrx_word' id='word_1_169' title='bbox 894 1664 1076 1748; x_wconf 89' lang='lat' dir='ltr'><strong>quod</strong></span> <span class='ocrx_word' id='word_1_170' title='bbox 1116 1665 1349 1742; x_wconf 90' lang='lat' dir='ltr'><strong>decet,</strong></span> <span class='ocrx_word' id='word_1_171' title='bbox 1436 1669 1496 1728; x_wconf 87' lang='lat'><strong>9.</strong></span> <span class='ocrx_word' id='word_1_172' title='bbox 1542 1663 1838 1751; x_wconf 87' lang='lat' dir='ltr'><strong>Propter</strong></span> <span class='ocrx_word' id='word_1_173' title='bbox 1869 1668 2218 1729; x_wconf 87' lang='lat' dir='ltr'><strong>caritatem</strong></span> <span class='ocrx_word' id='word_1_174' title='bbox 2246 1672 2460 1753; x_wconf 88' lang='lat' dir='ltr'><strong>magis</strong></span> <span class='ocrx_word' id='word_1_175' title='bbox 2496 1689 2690 1754; x_wconf 87' lang='lat' dir='ltr'><strong>rog0,</strong></span> 
     </span>
     <span class='ocr_line' id='line_1_20' title="bbox 388 1747 2688 1839; baseline -0.001 -20"><span class='ocrx_word' id='word_1_176' title='bbox 388 1777 598 1839; x_wconf 89' lang='lat' dir='ltr'><strong>quum</strong></span> <span class='ocrx_word' id='word_1_177' title='bbox 636 1750 792 1837; x_wconf 76' lang='lat' dir='ltr'><strong>talis</strong></span> <span class='ocrx_word' id='word_1_178' title='bbox 830 1753 996 1824; x_wconf 85' lang='lat' dir='ltr'><strong>sim,</strong></span> <span class='ocrx_word' id='word_1_179' title='bbox 1049 1771 1292 1835; x_wconf 79' lang='lat' dir='ltr'><strong>nempe</strong></span> <span class='ocrx_word' id='word_1_180' title='bbox 1321 1747 1567 1837; x_wconf 87' lang='lat' dir='ltr'><strong>Paulus</strong></span> <span class='ocrx_word' id='word_1_181' title='bbox 1596 1769 1836 1831; x_wconf 85' lang='lat' dir='ltr'><strong>senex3</strong></span> <span class='ocrx_word' id='word_1_182' title='bbox 1891 1770 2074 1812; x_wconf 88' lang='lat' dir='ltr'><strong>nunc</strong></span> <span class='ocrx_word' id='word_1_183' title='bbox 2097 1770 2264 1814; x_wconf 80' lang='lat' dir='ltr'><strong>vero</strong></span> <span class='ocrx_word' id='word_1_184' title='bbox 2296 1756 2503 1815; x_wconf 88' lang='lat' dir='ltr'><strong>etiam</strong></span> <span class='ocrx_word' id='word_1_185' title='bbox 2534 1758 2688 1820; x_wconf 86' lang='lat' dir='ltr'><strong>vin-</strong></span> 
     </span>
     <span class='ocr_line' id='line_1_21' title="bbox 389 1831 2689 1921; baseline -0.002 -15"><span class='ocrx_word' id='word_1_186' title='bbox 389 1852 538 1906; x_wconf 90' lang='lat' dir='ltr'><strong>ctus</strong></span> <span class='ocrx_word' id='word_1_187' title='bbox 568 1839 721 1903; x_wconf 89' lang='lat' dir='ltr'><strong>Iesu</strong></span> <span class='ocrx_word' id='word_1_188' title='bbox 747 1831 1027 1897; x_wconf 87' lang='lat' dir='ltr'><strong>Christi.</strong></span> <span class='ocrx_word' id='word_1_189' title='bbox 1130 1838 1229 1897; x_wconf 88' lang='lat'><strong>10.</strong></span> <span class='ocrx_word' id='word_1_190' title='bbox 1286 1833 1481 1919; x_wconf 90' lang='lat' dir='ltr'><strong>Rogo</strong></span> <span class='ocrx_word' id='word_1_191' title='bbox 1523 1846 1747 1897; x_wconf 91' lang='lat' dir='ltr'><strong>autem</strong></span> <span class='ocrx_word' id='word_1_192' title='bbox 1788 1844 1858 1897; x_wconf 89' lang='lat' dir='ltr'><strong>te</strong></span> <span class='ocrx_word' id='word_1_193' title='bbox 1897 1853 2028 1921; x_wconf 90' lang='lat' dir='ltr'><strong>pro</strong></span> <span class='ocrx_word' id='word_1_194' title='bbox 2068 1831 2208 1898; x_wconf 85' lang='lat' dir='ltr'><strong>filio</strong></span> <span class='ocrx_word' id='word_1_195' title='bbox 2246 1857 2441 1914; x_wconf 83' lang='lat' dir='ltr'><strong>meo,</strong></span> <span class='ocrx_word' id='word_1_196' title='bbox 2484 1858 2689 1920; x_wconf 87' lang='lat' dir='ltr'><strong>quem</strong></span> 
     </span>
     <span class='ocr_line' id='line_1_22' title="bbox 386 1916 2687 2011; baseline -0.002 -22"><span class='ocrx_word' id='word_1_197' title='bbox 386 1927 588 2011; x_wconf 84' lang='lat' dir='ltr'><strong>genui</strong></span> <span class='ocrx_word' id='word_1_198' title='bbox 629 1924 700 1984; x_wconf 91' lang='lat' dir='ltr'><strong>in</strong></span> <span class='ocrx_word' id='word_1_199' title='bbox 748 1916 1033 1984; x_wconf 89' lang='lat' dir='ltr'><strong>vinculis</strong></span> <span class='ocrx_word' id='word_1_200' title='bbox 1071 1921 1281 1993; x_wconf 80' lang='lat' dir='ltr'><strong>meiS‚</strong></span> <span class='ocrx_word' id='word_1_201' title='bbox 1338 1919 1706 1996; x_wconf 88' lang='lat' dir='ltr'><strong>Onesimo,</strong></span> <span class='ocrx_word' id='word_1_202' title='bbox 1813 1924 1906 1983; x_wconf 88' lang='lat'><strong>11.</strong></span> <span class='ocrx_word' id='word_1_203' title='bbox 1950 1917 2105 2001; x_wconf 77' lang='lat' dir='ltr'><strong>‘Qui</strong></span> <span class='ocrx_word' id='word_1_204' title='bbox 2148 1918 2519 2005; x_wconf 84' lang='lat' dir='ltr'><strong>aliquando</strong></span> <span class='ocrx_word' id='word_1_205' title='bbox 2561 1925 2687 1985; x_wconf 85' lang='lat' dir='ltr'><strong>tibi</strong></span> 
     </span>
     <span class='ocr_line' id='line_1_23' title="bbox 385 2002 2685 2093; baseline -0.002 -20"><span class='ocrx_word' id='word_1_206' title='bbox 385 2005 649 2082; x_wconf 75' lang='lat' dir='ltr'><strong>inutilis</strong></span> <span class='ocrx_word' id='word_1_207' title='bbox 693 2002 855 2086; x_wconf 82' lang='lat' dir='ltr'><strong>fuit3</strong></span> <span class='ocrx_word' id='word_1_208' title='bbox 909 2023 1092 2066; x_wconf 89' lang='lat' dir='ltr'><strong>nunc</strong></span> <span class='ocrx_word' id='word_1_209' title='bbox 1137 2016 1364 2093; x_wconf 63' lang='lat' dir='ltr'><strong>autern</strong></span> <span class='ocrx_word' id='word_1_210' title='bbox 1404 2013 1472 2065; x_wconf 91' lang='lat' dir='ltr'><strong>et</strong></span> <span class='ocrx_word' id='word_1_211' title='bbox 1511 2004 1678 2066; x_wconf 90' lang='lat' dir='ltr'><strong>mibi</strong></span> <span class='ocrx_word' id='word_1_212' title='bbox 1722 2014 1789 2066; x_wconf 92' lang='lat' dir='ltr'><strong>et</strong></span> <span class='ocrx_word' id='word_1_213' title='bbox 1833 2004 1957 2065; x_wconf 88' lang='lat' dir='ltr'><strong>tibi</strong></span> <span class='ocrx_word' id='word_1_214' title='bbox 1999 2002 2203 2069; x_wconf 80' lang='lat' dir='ltr'><strong>utilis,</strong></span> <span class='ocrx_word' id='word_1_215' title='bbox 2312 2011 2415 2070; x_wconf 81' lang='lat'><strong>12.</strong></span> <span class='ocrx_word' id='word_1_216' title='bbox 2460 2005 2685 2089; x_wconf 79' lang='lat' dir='ltr'><strong>Quem</strong></span> 
     </span>
     <span class='ocr_line' id='line_1_24' title="bbox 385 2084 2683 2177; baseline -0.002 -19"><span class='ocrx_word' id='word_1_217' title='bbox 385 2095 648 2172; x_wconf 87' lang='lat' dir='ltr'><strong>remisi3</strong></span> <span class='ocrx_word' id='word_1_218' title='bbox 725 2103 1025 2153; x_wconf 54' lang='lat' dir='ltr'><strong>tu=vero</strong></span> <span class='ocrx_word' id='word_1_219' title='bbox 1076 2084 1310 2165; x_wconf 82' lang='lat' dir='ltr'><strong>illum,</strong></span> <span class='ocrx_word' id='word_1_220' title='bbox 1396 2084 1533 2150; x_wconf 89' lang='lat' dir='ltr'><strong>hoc</strong></span> <span class='ocrx_word' id='word_1_221' title='bbox 1587 2100 1727 2161; x_wconf 88' lang='lat' dir='ltr'><strong>est,</strong></span> <span class='ocrx_word' id='word_1_222' title='bbox 1810 2108 1959 2151; x_wconf 87' lang='lat' dir='ltr'><strong>mea</strong></span> <span class='ocrx_word' id='word_1_223' title='bbox 2019 2088 2310 2168; x_wconf 86' lang='lat' dir='ltr'><strong>viscera,</strong></span> <span class='ocrx_word' id='word_1_224' title='bbox 2386 2095 2683 2177; x_wconf 83' lang='lat' dir='ltr'><strong>suscipe.</strong></span> 
     </span>
     <span class='ocr_line' id='line_1_25' title="bbox 392 2171 2683 2262; baseline -0.002 -19"><span class='ocrx_word' id='word_1_225' title='bbox 392 2183 490 2242; x_wconf 80' lang='lat'><strong>13.</strong></span> <span class='ocrx_word' id='word_1_226' title='bbox 545 2175 769 2259; x_wconf 85' lang='lat' dir='ltr'><strong>Quem</strong></span> <span class='ocrx_word' id='word_1_227' title='bbox 817 2171 1284 2257; x_wconf 46' lang='lat' dir='ltr'><strong>egosvolebam</strong></span> <span class='ocrx_word' id='word_1_228' title='bbox 1332 2175 1509 2258; x_wconf 89' lang='lat' dir='ltr'><strong>apud</strong></span> <span class='ocrx_word' id='word_1_229' title='bbox 1548 2175 1921 2257; x_wconf 74' lang='lat' dir='ltr'><strong>meipsum</strong></span> <span class='ocrx_word' id='word_1_230' title='bbox 1964 2175 2299 2253; x_wconf 81' lang='lat' dir='ltr'><strong>retinere,</strong></span> <span class='ocrx_word' id='word_1_231' title='bbox 2343 2187 2424 2238; x_wconf 90' lang='lat' dir='ltr'><strong>ut</strong></span> <span class='ocrx_word' id='word_1_232' title='bbox 2453 2183 2592 2262; x_wconf 72' lang='lat' dir='ltr'><strong>pro</strong></span> <span class='ocrx_word' id='word_1_233' title='bbox 2619 2187 2683 2238; x_wconf 88' lang='lat' dir='ltr'><strong>te</strong></span> 
     </span>
    </p>
   </div>
   <div class='ocr_carea' id='block_1_7' title="bbox 279 2250 2682 2339">
    <p class='ocr_par' dir='ltr' id='par_1_7' title="bbox 279 2250 2682 2339">
     <span class='ocr_line' id='line_1_26' title="bbox 279 2250 2682 2339; baseline -0.002 -13"><span class='ocrx_word' id='word_1_234' title='bbox 279 2334 280 2339; x_wconf 8' lang='grc' dir='ltr'>ἵ</span> <span class='ocrx_word' id='word_1_235' title='bbox 387 2260 558 2327; x_wconf 83' lang='lat' dir='ltr'><strong>mihi</strong></span> <span class='ocrx_word' id='word_1_236' title='bbox 602 2261 1038 2323; x_wconf 85' lang='lat' dir='ltr'><strong>ministraret.</strong></span> <span class='ocrx_word' id='word_1_237' title='bbox 1071 2284 1076 2291; x_wconf 93' lang='lat'><strong>·</strong></span> <span class='ocrx_word' id='word_1_238' title='bbox 1139 2259 1236 2319; x_wconf 86' lang='lat'><strong>14.</strong></span> <span class='ocrx_word' id='word_1_239' title='bbox 1296 2256 1431 2320; x_wconf 89' lang='lat' dir='ltr'><strong>Sed</strong></span> <span class='ocrx_word' id='word_1_240' title='bbox 1472 2250 1724 2339; x_wconf 81' lang='lat' dir='ltr'><strong>absque</strong></span> <span class='ocrx_word' id='word_1_241' title='bbox 1756 2268 1869 2319; x_wconf 88' lang='lat' dir='ltr'><strong>tua</strong></span> <span class='ocrx_word' id='word_1_242' title='bbox 1915 2262 2249 2322; x_wconf 87' lang='lat' dir='ltr'><strong>sententia</strong></span> <span class='ocrx_word' id='word_1_243' title='bbox 2286 2259 2465 2323; x_wconf 86' lang='lat' dir='ltr'><strong>nihil</strong></span> <span class='ocrx_word' id='word_1_244' title='bbox 2504 2259 2682 2328; x_wconf 87' lang='lat' dir='ltr'><strong>volui</strong></span> 
     </span>
    </p>
   </div>
   <div class='ocr_carea' id='block_1_8' title="bbox 387 2341 2681 2506">
    <p class='ocr_par' dir='ltr' id='par_1_8' title="bbox 387 2341 2681 2506">
     <span class='ocr_line' id='line_1_27' title="bbox 388 2341 2681 2425; baseline -0.001 -15"><span class='ocrx_word' id='word_1_245' title='bbox 388 2346 648 2422; x_wconf 86' lang='lat' dir='ltr'><strong>facere,</strong></span> <span class='ocrx_word' id='word_1_246' title='bbox 716 2353 793 2406; x_wconf 87' lang='lat' dir='ltr'><strong>ut</strong></span> <span class='ocrx_word' id='word_1_247' title='bbox 838 2362 976 2404; x_wconf 91' lang='lat' dir='ltr'><strong>non</strong></span> <span class='ocrx_word' id='word_1_248' title='bbox 1021 2344 1208 2425; x_wconf 85' lang='lat' dir='ltr'><strong>quasi</strong></span> <span class='ocrx_word' id='word_1_249' title='bbox 1254 2341 1631 2406; x_wconf 87' lang='lat' dir='ltr'><strong>secundum</strong></span> <span class='ocrx_word' id='word_1_250' title='bbox 1678 2345 2149 2406; x_wconf 88' lang='lat' dir='ltr'><strong>necessitatem</strong></span> <span class='ocrx_word' id='word_1_251' title='bbox 2198 2356 2385 2409; x_wconf 77' lang='lat' dir='ltr'><strong>esset‘</strong></span> <span class='ocrx_word' id='word_1_252' title='bbox 2425 2347 2681 2410; x_wconf 86' lang='lat' dir='ltr'><strong>bonum</strong></span> 
     </span>
     <span class='ocr_line' id='line_1_28' title="bbox 387 2425 1293 2506; baseline -0.009 -9"><span class='ocrx_word' id='word_1_253' title='bbox 387 2444 619 2506; x_wconf 86' lang='lat' dir='ltr'><strong>tuum,</strong></span> <span class='ocrx_word' id='word_1_254' title='bbox 665 2427 785 2493; x_wconf 90' lang='lat' dir='ltr'><strong>sed</strong></span> <span class='ocrx_word' id='word_1_255' title='bbox 815 2425 1293 2493; x_wconf 86' lang='lat' dir='ltr'><strong>voluntarium.</strong></span> 
     </span>
    </p>
   </div>
   <div class='ocr_carea' id='block_1_9' title="bbox 389 2542 2684 2891">
    <p class='ocr_par' dir='ltr' id='par_1_9' title="bbox 389 2542 2684 2891">
     <span class='ocr_line' id='line_1_29' title="bbox 525 2542 2681 2615; baseline 0.001 -22"><span class='ocrx_word' id='word_1_256' title='bbox 525 2546 576 2598; x_wconf 85' lang='lat'><strong>8.</strong></span> <span class='ocrx_word' id='word_1_257' title='bbox 646 2543 899 2594; x_wconf 83' lang='lat' dir='ltr'><strong>Multam</strong></span> <span class='ocrx_word' id='word_1_258' title='bbox 925 2545 987 2593; x_wconf 83' lang='lat' dir='ltr'><strong>in</strong></span> <span class='ocrx_word' id='word_1_259' title='bbox 1014 2543 1244 2593; x_wconf 82' lang='lat' dir='ltr'><strong>Christo</strong></span> <span class='ocrx_word' id='word_1_260' title='bbox 1262 2543 1574 2608; x_wconf 62' lang='lat' dir='ltr'><strong>fiduciam.</strong></span> <span class='ocrx_word' id='word_1_261' title='bbox 1662 2542 1791 2594; x_wconf 89' lang='lat' dir='ltr'><strong>Hoc</strong></span> <span class='ocrx_word' id='word_1_262' title='bbox 1835 2552 1960 2610; x_wconf 87' lang='lat' dir='ltr'><strong>est,</strong></span> <span class='ocrx_word' id='word_1_263' title='bbox 2007 2560 2190 2615; x_wconf 85' lang='lat' dir='ltr'><strong>quum</strong></span> <span class='ocrx_word' id='word_1_264' title='bbox 2226 2545 2536 2613; x_wconf 84' lang='lat' dir='ltr'><strong>imperare</strong></span> <span class='ocrx_word' id='word_1_265' title='bbox 2574 2545 2681 2599; x_wconf 78' lang='lat' dir='ltr'><strong>tibi</strong></span> 
     </span>
     <span class='ocr_line' id='line_1_30' title="bbox 389 2605 2684 2684; baseline -0 -17"><span class='ocrx_word' id='word_1_266' title='bbox 389 2632 498 2684; x_wconf 88' lang='lat' dir='ltr'><strong>pro</strong></span> <span class='ocrx_word' id='word_1_267' title='bbox 542 2615 675 2666; x_wconf 90' lang='lat' dir='ltr'><strong>iure</strong></span> <span class='ocrx_word' id='word_1_268' title='bbox 711 2629 848 2663; x_wconf 51' lang='lat' dir='ltr'><strong>¹meo</strong></span> <span class='ocrx_word' id='word_1_269' title='bbox 887 2614 1140 2679; x_wconf 90' lang='lat' dir='ltr'><strong>possim,</strong></span> <span class='ocrx_word' id='word_1_270' title='bbox 1193 2609 1342 2660; x_wconf 83' lang='lat' dir='ltr'><strong>facit</strong></span> <span class='ocrx_word' id='word_1_271' title='bbox 1371 2605 1589 2661; x_wconf 75' lang='lat' dir='ltr'><strong>c‘aritas</strong></span> <span class='ocrx_word' id='word_1_272' title='bbox 1616 2620 1750 2675; x_wconf 88' lang='lat' dir='ltr'><strong>tua,</strong></span> <span class='ocrx_word' id='word_1_273' title='bbox 1789 2621 1857 2663; x_wconf 87' lang='lat' dir='ltr'><strong>ut</strong></span> <span class='ocrx_word' id='word_1_274' title='bbox 1882 2613 2088 2666; x_wconf 74' lang='lat' dir='ltr'><strong>malim</strong></span> <span class='ocrx_word' id='word_1_275' title='bbox 2119 2627 2356 2682; x_wconf 81' lang='lat' dir='ltr'><strong>rogare.</strong></span> <span class='ocrx_word' id='word_1_276' title='bbox 2431 2613 2684 2668; x_wconf 76' lang='lat' dir='ltr'><strong>Iubendi</strong></span> 
     </span>
     <span class='ocr_line' id='line_1_31' title="bbox 391 2678 2683 2750; baseline -0.001 -14"><span class='ocrx_word' id='word_1_277' title='bbox 391 2679 536 2736; x_wconf 76' lang='lat' dir='ltr'><strong>vero</strong></span> <span class='ocrx_word' id='word_1_278' title='bbox 624 2689 940 2732; x_wconf 86' lang='lat' dir='ltr'><strong>otestatem</strong></span> <span class='ocrx_word' id='word_1_279' title='bbox 983 2678 1207 2747; x_wconf 85' lang='lat' dir='ltr'><strong>duplici</strong></span> <span class='ocrx_word' id='word_1_280' title='bbox 1252 2678 1494 2730; x_wconf 85' lang='lat' dir='ltr'><strong>nomine</strong></span> <span class='ocrx_word' id='word_1_281' title='bbox 1529 2681 1643 2731; x_wconf 86' lang='lat' dir='ltr'><strong>sibi</strong></span> <span class='ocrx_word' id='word_1_282' title='bbox 1686 2681 1975 2749; x_wconf 81' lang='lat' dir='ltr'><strong>vindicat,</strong></span> <span class='ocrx_word' id='word_1_283' title='bbox 2030 2682 2172 2750; x_wconf 83' lang='lat' dir='ltr'><strong>quia</strong></span> <span class='ocrx_word' id='word_1_284' title='bbox 2208 2695 2269 2735; x_wconf 92' lang='lat' dir='ltr'><strong>et</strong></span> <span class='ocrx_word' id='word_1_285' title='bbox 2305 2701 2482 2734; x_wconf 75' lang='lat' dir='ltr'><strong>senex</strong></span> <span class='ocrx_word' id='word_1_286' title='bbox 2517 2687 2600 2737; x_wconf 82' lang='lat' dir='ltr'><strong>sit</strong></span> <span class='ocrx_word' id='word_1_287' title='bbox 2628 2690 2683 2737; x_wconf 89' lang='lat' dir='ltr'><strong>et</strong></span> 
     </span>
     <span class='ocr_line' id='line_1_32' title="bbox 389 2701 2684 2827; baseline 0 -23"><span class='ocrx_word' id='word_1_288' title='bbox 389 2771 495 2823; x_wconf 83' lang='lat' dir='ltr'><strong>pro</strong></span> <span class='ocrx_word' id='word_1_289' title='bbox 527 2701 757 2806; x_wconf 54' lang='lat' dir='ltr'><strong>GXristo</strong></span> <span class='ocrx_word' id='word_1_290' title='bbox 785 2751 1035 2827; x_wconf 63' lang='lat' dir='ltr'><strong>vinetus.</strong></span> <span class='ocrx_word' id='word_1_291' title='bbox 1111 2748 1251 2798; x_wconf 83' lang='lat' dir='ltr'><strong>Ideo</strong></span> <span class='ocrx_word' id='word_1_292' title='bbox 1281 2764 1342 2798; x_wconf 88' lang='lat' dir='ltr'><strong>se</strong></span> <span class='ocrx_word' id='word_1_293' title='bbox 1370 2757 1616 2816; x_wconf 87' lang='lat' dir='ltr'><strong>propter</strong></span> <span class='ocrx_word' id='word_1_294' title='bbox 1633 2749 1992 2802; x_wconf 85' lang='lat' dir='ltr'><strong>Philemonis</strong></span> <span class='ocrx_word' id='word_1_295' title='bbox 2025 2753 2340 2803; x_wconf 85' lang='lat' dir='ltr'><strong>caritatem</strong></span> <span class='ocrx_word' id='word_1_296' title='bbox 2370 2755 2569 2823; x_wconf 82' lang='lat' dir='ltr'><strong>magis</strong></span> <span class='ocrx_word' id='word_1_297' title='bbox 2595 2768 2684 2805; x_wconf 88' lang='lat' dir='ltr'><strong>ro-</strong></span> 
     </span>
     <span class='ocr_line' id='line_1_33' title="bbox 391 2816 2681 2891; baseline 0 -17"><span class='ocrx_word' id='word_1_298' title='bbox 391 2838 536 2891; x_wconf 79' lang='lat' dir='ltr'><strong>gare</strong></span> <span class='ocrx_word' id='word_1_299' title='bbox 574 2819 753 2882; x_wconf 90' lang='lat' dir='ltr'><strong>dicit,</strong></span> <span class='ocrx_word' id='word_1_300' title='bbox 802 2832 943 2887; x_wconf 77' lang='lat' dir='ltr'><strong>quia</strong></span> <span class='ocrx_word' id='word_1_301' title='bbox 984 2816 1356 2883; x_wconf 86' lang='lat' dir='ltr'><strong>iniungimus</strong></span> <span class='ocrx_word' id='word_1_302' title='bbox 1393 2833 1503 2883; x_wconf 89' lang='lat' dir='ltr'><strong>pro</strong></span> <span class='ocrx_word' id='word_1_303' title='bbox 1547 2817 1839 2886; x_wconf 87' lang='lat' dir='ltr'><strong>imperio,</strong></span> <span class='ocrx_word' id='word_1_304' title='bbox 1888 2835 2039 2888; x_wconf 86' lang='lat' dir='ltr'><strong>quae</strong></span> <span class='ocrx_word' id='word_1_305' title='bbox 2077 2821 2437 2873; x_wconf 76' lang='lat' dir='ltr'><strong>necessitate</strong></span> <span class='ocrx_word' id='word_1_306' title='bbox 2483 2832 2681 2874; x_wconf 82' lang='lat' dir='ltr'><strong>extor-</strong></span> 
     </span>
    </p>
   </div>
   <div class='ocr_carea' id='block_1_10' title="bbox 475 2884 2785 2959">
    <p class='ocr_par' dir='ltr' id='par_1_10' title="bbox 475 2884 2785 2959">
     <span class='ocr_line' id='line_1_34' title="bbox 475 2884 2785 2959; baseline 0.001 -18"><span class='ocrx_word' id='word_1_307' title='bbox 475 2906 574 2941; x_wconf 91' lang='lat' dir='ltr'><strong>ere</strong></span> <span class='ocrx_word' id='word_1_308' title='bbox 600 2887 901 2952; x_wconf 84' lang='lat' dir='ltr'><strong>volumus,</strong></span> <span class='ocrx_word' id='word_1_309' title='bbox 938 2886 1116 2937; x_wconf 89' lang='lat' dir='ltr'><strong>etiam</strong></span> <span class='ocrx_word' id='word_1_310' title='bbox 1150 2885 1222 2935; x_wconf 84' lang='lat' dir='ltr'><strong>ab</strong></span> <span class='ocrx_word' id='word_1_311' title='bbox 1249 2884 1488 2942; x_wconf 75' lang='lat' dir='ltr'><strong>invitis:</strong></span> <span class='ocrx_word' id='word_1_312' title='bbox 1536 2886 1692 2954; x_wconf 83' lang='lat' dir='ltr'><strong>apud</strong></span> <span class='ocrx_word' id='word_1_313' title='bbox 1719 2903 1820 2939; x_wconf 89' lang='lat' dir='ltr'><strong>eos</strong></span> <span class='ocrx_word' id='word_1_314' title='bbox 1849 2897 2079 2956; x_wconf 85' lang='lat' dir='ltr'><strong>autem,</strong></span> <span class='ocrx_word' id='word_1_315' title='bbox 2125 2889 2420 2958; x_wconf 83' lang='lat' dir='ltr'><strong>quiultro</strong></span> <span class='ocrx_word' id='word_1_316' title='bbox 2448 2899 2680 2959; x_wconf 82' lang='lat' dir='ltr'><strong>parent,</strong></span> <span class='ocrx_word' id='word_1_317' title='bbox 2784 2893 2785 2902; x_wconf 76' lang='grc'>’</span> 
     </span>
    </p>
   </div>
   <div class='ocr_carea' id='block_1_11' title="bbox 387 2951 2683 3105">
    <p class='ocr_par' dir='ltr' id='par_1_11' title="bbox 387 2951 2683 3105">
     <span class='ocr_line' id='line_1_35' title="bbox 387 2951 2681 3026; baseline -0 -14"><span class='ocrx_word' id='word_1_318' title='bbox 387 2974 552 3012; x_wconf 72' lang='lat' dir='ltr'><strong>iussu</strong></span> <span class='ocrx_word' id='word_1_319' title='bbox 580 2972 732 3026; x_wconf 89' lang='lat' dir='ltr'><strong>opus</strong></span> <span class='ocrx_word' id='word_1_320' title='bbox 757 2970 875 3006; x_wconf 89' lang='lat' dir='ltr'><strong>non</strong></span> <span class='ocrx_word' id='word_1_321' title='bbox 904 2961 1012 3005; x_wconf 87' lang='lat' dir='ltr'><strong>est.</strong></span> <span class='ocrx_word' id='word_1_322' title='bbox 1100 2951 1179 3003; x_wconf 68' lang='lat' dir='ltr'><strong>Ee</strong></span> <span class='ocrx_word' id='word_1_323' title='bbox 1206 2953 1350 3022; x_wconf 80' lang='lat' dir='ltr'><strong>quia</strong></span> <span class='ocrx_word' id='word_1_324' title='bbox 1374 2953 1662 3007; x_wconf 84' lang='lat' dir='ltr'><strong>libentius</strong></span> <span class='ocrx_word' id='word_1_325' title='bbox 1680 2990 1696 3021; x_wconf 94' lang='lat'><strong>,</strong></span> <span class='ocrx_word' id='word_1_326' title='bbox 1733 2956 1833 3023; x_wconf 85' lang='lat' dir='ltr'><strong>qui</strong></span> <span class='ocrx_word' id='word_1_327' title='bbox 1865 2956 2025 3008; x_wconf 90' lang='lat' dir='ltr'><strong>ultro</strong></span> <span class='ocrx_word' id='word_1_328' title='bbox 2055 2955 2245 3026; x_wconf 88' lang='lat' dir='ltr'><strong>parati</strong></span> <span class='ocrx_word' id='word_1_329' title='bbox 2275 2968 2417 3010; x_wconf 88' lang='lat' dir='ltr'><strong>sunt</strong></span> <span class='ocrx_word' id='word_1_330' title='bbox 2444 2959 2523 3010; x_wconf 66' lang='lat' dir='ltr'><strong>ad</strong></span> <span class='ocrx_word' id='word_1_331' title='bbox 2554 2959 2681 3011; x_wconf 81' lang='lat' dir='ltr'><strong>offi-</strong></span> 
     </span>
     <span class='ocr_line' id='line_1_36' title="bbox 391 3021 2683 3105; baseline 0 -25"><span class='ocrx_word' id='word_1_332' title='bbox 391 3027 588 3092; x_wconf 87' lang='lat' dir='ltr'><strong>cium,</strong></span> <span class='ocrx_word' id='word_1_333' title='bbox 638 3023 871 3094; x_wconf 84' lang='lat' dir='ltr'><strong>placide</strong></span> <span class='ocrx_word' id='word_1_334' title='bbox 909 3023 1021 3074; x_wconf 82' lang='lat' dir='ltr'><strong>sibi</strong></span> <span class='ocrx_word' id='word_1_335' title='bbox 1068 3021 1300 3074; x_wconf 86' lang='lat' dir='ltr'><strong>ostendi</strong></span> <span class='ocrx_word' id='word_1_336' title='bbox 1340 3021 1618 3089; x_wconf 87' lang='lat' dir='ltr'><strong>audiunt,</strong></span> <span class='ocrx_word' id='word_1_337' title='bbox 1668 3024 1811 3093; x_wconf 86' lang='lat' dir='ltr'><strong>quid</strong></span> <span class='ocrx_word' id='word_1_338' title='bbox 1845 3024 2009 3076; x_wconf 83' lang='lat' dir='ltr'><strong>factu</strong></span> <span class='ocrx_word' id='word_1_339' title='bbox 2041 3041 2188 3095; x_wconf 88' lang='lat' dir='ltr'><strong>opus</strong></span> <span class='ocrx_word' id='word_1_340' title='bbox 2217 3025 2325 3105; x_wconf 73' lang='lat' dir='ltr'><strong>sit,</strong></span> <span class='ocrx_word' id='word_1_341' title='bbox 2358 3043 2547 3095; x_wconf 82' lang='lat' dir='ltr'><strong>quam</strong></span> <span class='ocrx_word' id='word_1_342' title='bbox 2577 3028 2683 3080; x_wconf 89' lang='lat' dir='ltr'><strong>im·</strong></span> 
     </span>
    </p>
   </div>
   <div class='ocr_carea' id='block_1_12' title="bbox 271 3089 2685 3177">
    <p class='ocr_par' dir='ltr' id='par_1_12' title="bbox 271 3089 2685 3177">
     <span class='ocr_line' id='line_1_37' title="bbox 271 3089 2685 3177; baseline 0.001 -30"><span class='ocrx_word' id='word_1_343' title='bbox 271 3153 284 3168; x_wconf 41' lang='lat' dir='ltr'><em>s</em></span> <span class='ocrx_word' id='word_1_344' title='bbox 388 3094 564 3166; x_wconf 87' lang='lat' dir='ltr'><strong>perio</strong></span> <span class='ocrx_word' id='word_1_345' title='bbox 592 3091 982 3160; x_wconf 67' lang='lat' dir='ltr'><strong>interpositos</strong></span> <span class='ocrx_word' id='word_1_346' title='bbox 1017 3107 1139 3142; x_wconf 88' lang='lat' dir='ltr'><strong>non</strong></span> <span class='ocrx_word' id='word_1_347' title='bbox 1169 3090 1269 3143; x_wconf 85' lang='lat' dir='ltr'><strong>abs</strong></span> <span class='ocrx_word' id='word_1_348' title='bbox 1302 3106 1366 3141; x_wconf 90' lang='lat' dir='ltr'><strong>re</strong></span> <span class='ocrx_word' id='word_1_349' title='bbox 1386 3090 1598 3143; x_wconf 86' lang='lat' dir='ltr'><strong>Paulus</strong></span> <span class='ocrx_word' id='word_1_350' title='bbox 1625 3093 1785 3161; x_wconf 73' lang='lat' dir='ltr'><strong>dpud</strong></span> <span class='ocrx_word' id='word_1_351' title='bbox 1815 3089 2132 3147; x_wconf 66' lang='lat' dir='ltr'><strong>hominem</strong></span> <span class='ocrx_word' id='word_1_352' title='bbox 2146 3109 2527 3162; x_wconf 76' lang='lat' dir='ltr'><strong>morigerum</strong></span> <span class='ocrx_word' id='word_1_353' title='bbox 2555 3114 2685 3177; x_wconf 71' lang='lat' dir='ltr'><strong>pre·</strong></span> 
     </span>
    </p>
   </div>
   <div class='ocr_carea' id='block_1_13' title="bbox 289 3158 2687 4466">
    <p class='ocr_par' dir='ltr' id='par_1_13' title="bbox 289 3158 2687 4466">
     <span class='ocr_line' id='line_1_38' title="bbox 391 3158 2685 3231; baseline -0.001 -12"><span class='ocrx_word' id='word_1_354' title='bbox 391 3181 491 3219; x_wconf 80' lang='lat' dir='ltr'><strong>ces</strong></span> <span class='ocrx_word' id='word_1_355' title='bbox 530 3161 805 3225; x_wconf 80' lang='lat' dir='ltr'><strong>adhibet,</strong></span> <span class='ocrx_word' id='word_1_356' title='bbox 857 3175 1086 3229; x_wconf 84' lang='lat' dir='ltr'><strong>suoque</strong></span> <span class='ocrx_word' id='word_1_357' title='bbox 1123 3158 1395 3226; x_wconf 85' lang='lat' dir='ltr'><strong>exemplo</strong></span> <span class='ocrx_word' id='word_1_358' title='bbox 1440 3159 1643 3226; x_wconf 89' lang='lat' dir='ltr'><strong>docet,</strong></span> <span class='ocrx_word' id='word_1_359' title='bbox 1701 3160 1952 3213; x_wconf 86' lang='lat' dir='ltr'><strong>dandam</strong></span> <span class='ocrx_word' id='word_1_360' title='bbox 1988 3178 2112 3214; x_wconf 83' lang='lat' dir='ltr'><strong>esse</strong></span> <span class='ocrx_word' id='word_1_361' title='bbox 2148 3179 2390 3231; x_wconf 82' lang='lat' dir='ltr'><strong>operam</strong></span> <span class='ocrx_word' id='word_1_362' title='bbox 2417 3165 2685 3218; x_wconf 74' lang='lat' dir='ltr'><strong>Pastori-</strong></span> 
     </span>
     <span class='ocr_line' id='line_1_39' title="bbox 389 3226 2685 3300; baseline 0 -16"><span class='ocrx_word' id='word_1_363' title='bbox 389 3234 535 3300; x_wconf 80' lang='lat' dir='ltr'><strong>hus,</strong></span> <span class='ocrx_word' id='word_1_364' title='bbox 581 3239 647 3283; x_wconf 91' lang='lat' dir='ltr'><strong>ut</strong></span> <span class='ocrx_word' id='word_1_365' title='bbox 673 3227 999 3296; x_wconf 79' lang='lat' dir='ltr'><strong>discipulos</strong></span> <span class='ocrx_word' id='word_1_366' title='bbox 1026 3226 1243 3279; x_wconf 81' lang='lat' dir='ltr'><strong>blande</strong></span> <span class='ocrx_word' id='word_1_367' title='bbox 1272 3226 1541 3279; x_wconf 82' lang='lat' dir='ltr'><strong>alliciant</strong></span> <span class='ocrx_word' id='word_1_368' title='bbox 1566 3228 1801 3297; x_wconf 82' lang='lat' dir='ltr'><strong>potius,</strong></span> <span class='ocrx_word' id='word_1_369' title='bbox 1850 3246 2028 3299; x_wconf 84' lang='lat' dir='ltr'><strong>quam</strong></span> <span class='ocrx_word' id='word_1_370' title='bbox 2058 3229 2321 3284; x_wconf 82' lang='lat' dir='ltr'><strong>trahant.</strong></span> <span class='ocrx_word' id='word_1_371' title='bbox 2406 3229 2493 3284; x_wconf 86' lang='lat' dir='ltr'><strong>Et·</strong></span> <span class='ocrx_word' id='word_1_372' title='bbox 2521 3244 2685 3286; x_wconf 88' lang='lat' dir='ltr'><strong>certe</strong></span> 
     </span>
     <span class='ocr_line' id='line_1_40' title="bbox 311 3295 2685 3368; baseline 0.003 -20"><span class='ocrx_word' id='word_1_373' title='bbox 311 3345 312 3348; x_wconf 76' lang='grc'>,</span> <span class='ocrx_word' id='word_1_374' title='bbox 390 3302 532 3356; x_wconf 83' lang='lat' dir='ltr'><strong>dum</strong></span> <span class='ocrx_word' id='word_1_375' title='bbox 586 3300 657 3351; x_wconf 90' lang='lat' dir='ltr'><strong>ad</strong></span> <span class='ocrx_word' id='word_1_376' title='bbox 703 3313 910 3365; x_wconf 82' lang='lat' dir='ltr'><strong>preces</strong></span> <span class='ocrx_word' id='word_1_377' title='bbox 944 3297 1346 3366; x_wconf 75' lang='lat' dir='ltr'><strong>descendens,</strong></span> <span class='ocrx_word' id='word_1_378' title='bbox 1407 3295 1544 3347; x_wconf 86' lang='lat' dir='ltr'><strong>iure</strong></span> <span class='ocrx_word' id='word_1_379' title='bbox 1577 3314 1682 3350; x_wconf 85' lang='lat' dir='ltr'><strong>suo</strong></span> <span class='ocrx_word' id='word_1_380' title='bbox 1726 3296 1912 3365; x_wconf 89' lang='lat' dir='ltr'><strong>cedit,</strong></span> <span class='ocrx_word' id='word_1_381' title='bbox 1974 3299 2090 3353; x_wconf 87' lang='lat' dir='ltr'><strong>hoc</strong></span> <span class='ocrx_word' id='word_1_382' title='bbox 2127 3300 2199 3353; x_wconf 87' lang='lat' dir='ltr'><strong>ad</strong></span> <span class='ocrx_word' id='word_1_383' title='bbox 2236 3300 2685 3368; x_wconf 86' lang='lat' dir='ltr'><strong>impetrandum</strong></span> 
     </span>
     <span class='ocr_line' id='line_1_41' title="bbox 387 3364 2686 3438; baseline 0 -16"><span class='ocrx_word' id='word_1_384' title='bbox 387 3369 581 3428; x_wconf 82' lang='lat' dir='ltr'><strong>multo</strong></span> <span class='ocrx_word' id='word_1_385' title='bbox 618 3366 749 3436; x_wconf 88' lang='lat' dir='ltr'><strong>plus</strong></span> <span class='ocrx_word' id='word_1_386' title='bbox 792 3365 982 3431; x_wconf 82' lang='lat' dir='ltr'><strong>valet,</strong></span> <span class='ocrx_word' id='word_1_387' title='bbox 1007 3380 1205 3436; x_wconf 59' lang='lat' dir='ltr'><strong>&gt;quam</strong></span> <span class='ocrx_word' id='word_1_388' title='bbox 1247 3365 1295 3415; x_wconf 80' lang='lat' dir='ltr'><strong>si</strong></span> <span class='ocrx_word' id='word_1_389' title='bbox 1338 3364 1594 3416; x_wconf 83' lang='lat' dir='ltr'><strong>iuberet.</strong></span> <span class='ocrx_word' id='word_1_390' title='bbox 1681 3367 1868 3418; x_wconf 88' lang='lat' dir='ltr'><strong>Porro</strong></span> <span class='ocrx_word' id='word_1_391' title='bbox 1896 3366 2044 3419; x_wconf 82' lang='lat' dir='ltr'><strong>nihil</strong></span> <span class='ocrx_word' id='word_1_392' title='bbox 2058 3369 2179 3421; x_wconf 79' lang='lat' dir='ltr'><strong>=sibi</strong></span> <span class='ocrx_word' id='word_1_393' title='bbox 2205 3379 2453 3438; x_wconf 82' lang='lat' dir='ltr'><strong>arrogat</strong></span> <span class='ocrx_word' id='word_1_394' title='bbox 2474 3370 2598 3423; x_wconf 87' lang='lat' dir='ltr'><strong>nisi</strong></span> <span class='ocrx_word' id='word_1_395' title='bbox 2622 3371 2686 3422; x_wconf 90' lang='lat' dir='ltr'><strong>in</strong></span> 
     </span>
     <span class='ocr_line' id='line_1_42' title="bbox 391 3432 2685 3506; baseline 0.002 -18"><span class='ocrx_word' id='word_1_396' title='bbox 391 3437 676 3500; x_wconf 73' lang='lat' dir='ltr'><strong>Christo,</strong></span> <span class='ocrx_word' id='word_1_397' title='bbox 722 3435 842 3486; x_wconf 85' lang='lat' dir='ltr'><strong>hoc</strong></span> <span class='ocrx_word' id='word_1_398' title='bbox 880 3443 1003 3500; x_wconf 85' lang='lat' dir='ltr'><strong>est,</strong></span> <span class='ocrx_word' id='word_1_399' title='bbox 1052 3442 1299 3503; x_wconf 88' lang='lat' dir='ltr'><strong>propter</strong></span> <span class='ocrx_word' id='word_1_400' title='bbox 1329 3432 1673 3500; x_wconf 85' lang='lat' dir='ltr'><strong>impositam</strong></span> <span class='ocrx_word' id='word_1_401' title='bbox 1702 3435 1814 3490; x_wconf 82' lang='lat' dir='ltr'><strong>sibi</strong></span> <span class='ocrx_word' id='word_1_402' title='bbox 1842 3453 2177 3503; x_wconf 80' lang='lat' dir='ltr'><strong>personam.</strong></span> <span class='ocrx_word' id='word_1_403' title='bbox 2260 3439 2470 3506; x_wconf 81' lang='lat' dir='ltr'><strong>Neque</strong></span> <span class='ocrx_word' id='word_1_404' title='bbox 2502 3440 2685 3504; x_wconf 80' lang='lat' dir='ltr'><strong>enim,</strong></span> 
     </span>
     <span class='ocr_line' id='line_1_43' title="bbox 390 3499 2684 3578; baseline 0 -18"><span class='ocrx_word' id='word_1_405' title='bbox 390 3519 536 3578; x_wconf 79' lang='lat' dir='ltr'><strong>quos</strong></span> <span class='ocrx_word' id='word_1_406' title='bbox 575 3502 842 3559; x_wconf 81' lang='lat' dir='ltr'><strong>Christus</strong></span> <span class='ocrx_word' id='word_1_407' title='bbox 882 3499 1192 3570; x_wconf 76' lang='lat' dir='ltr'><strong>Apostolos</strong></span> <span class='ocrx_word' id='word_1_408' title='bbox 1232 3502 1581 3568; x_wconf 79' lang='lat' dir='ltr'><strong>constituit,</strong></span> <span class='ocrx_word' id='word_1_409' title='bbox 1642 3504 2006 3556; x_wconf 85' lang='lat' dir='ltr'><strong>auctoritate</strong></span> <span class='ocrx_word' id='word_1_410' title='bbox 2053 3505 2184 3558; x_wconf 81' lang='lat' dir='ltr'><strong>vult</strong></span> <span class='ocrx_word' id='word_1_411' title='bbox 2230 3523 2460 3559; x_wconf 87' lang='lat' dir='ltr'><strong>carere.</strong></span> <span class='ocrx_word' id='word_1_412' title='bbox 2556 3508 2684 3562; x_wconf 74' lang='lat' dir='ltr'><strong>‘Sed</strong></span> 
     </span>
     <span class='ocr_line' id='line_1_44' title="bbox 289 3568 2686 3643; baseline 0.002 -19"><span class='ocrx_word' id='word_1_413' title='bbox 289 3607 300 3624; x_wconf 37' lang='lat' dir='ltr'>x</span> <span class='ocrx_word' id='word_1_414' title='bbox 435 3591 577 3628; x_wconf 90' lang='lat' dir='ltr'><strong>uum</strong></span> <span class='ocrx_word' id='word_1_415' title='bbox 609 3573 768 3626; x_wconf 87' lang='lat' dir='ltr'><strong>addit</strong></span> <span class='ocrx_word' id='word_1_416' title='bbox 792 3568 856 3625; x_wconf 81' lang='grc' dir='ltr'><strong>τὸ</strong></span> <span class='ocrx_word' id='word_1_417' title='bbox 884 3569 1120 3638; x_wconf 79' lang='grc' dir='ltr'><em>ἀνῆκον,</em></span> <span class='ocrx_word' id='word_1_418' title='bbox 1160 3569 1462 3638; x_wconf 82' lang='lat' dir='ltr'><strong>significat</strong></span> <span class='ocrx_word' id='word_1_419' title='bbox 1479 3606 1496 3635; x_wconf 93' lang='lat'><strong>,</strong></span> <span class='ocrx_word' id='word_1_420' title='bbox 1536 3587 1652 3622; x_wconf 90' lang='lat' dir='ltr'><strong>non</strong></span> <span class='ocrx_word' id='word_1_421' title='bbox 1678 3571 1913 3640; x_wconf 79' lang='lat' dir='ltr'><strong>quidvis</strong></span> <span class='ocrx_word' id='word_1_422' title='bbox 1940 3572 2123 3626; x_wconf 82' lang='lat' dir='ltr'><strong>licere</strong></span> <span class='ocrx_word' id='word_1_423' title='bbox 2150 3574 2499 3628; x_wconf 84' lang='lat' dir='ltr'><strong>doctoribus</strong></span> <span class='ocrx_word' id='word_1_424' title='bbox 2516 3612 2537 3643; x_wconf 87' lang='lat'><strong>,</strong></span> <span class='ocrx_word' id='word_1_425' title='bbox 2587 3577 2686 3631; x_wconf 84' lang='lat' dir='ltr'><strong>sed</strong></span> 
     </span>
     <span class='ocr_line' id='line_1_45' title="bbox 389 3593 2685 3714; baseline 0.001 -18"><span class='ocrx_word' id='word_1_426' title='bbox 389 3593 487 3696; x_wconf 51' lang='lat' dir='ltr'><strong>{is</strong></span> <span class='ocrx_word' id='word_1_427' title='bbox 511 3642 727 3696; x_wconf 78' lang='lat' dir='ltr'><strong>finibus</strong></span> <span class='ocrx_word' id='word_1_428' title='bbox 754 3639 1054 3693; x_wconf 75' lang='lat' dir='ltr'><strong>contineri</strong></span> <span class='ocrx_word' id='word_1_429' title='bbox 1081 3639 1354 3708; x_wconf 89' lang='lat' dir='ltr'><strong>ipsorum</strong></span> <span class='ocrx_word' id='word_1_430' title='bbox 1377 3648 1735 3707; x_wconf 86' lang='lat' dir='ltr'><strong>potestatem</strong></span> <span class='ocrx_word' id='word_1_431' title='bbox 1753 3678 1773 3706; x_wconf 91' lang='lat'><strong>,</strong></span> <span class='ocrx_word' id='word_1_432' title='bbox 1815 3658 1892 3693; x_wconf 88' lang='lat' dir='ltr'><strong>ne</strong></span> <span class='ocrx_word' id='word_1_433' title='bbox 1913 3641 2090 3710; x_wconf 82' lang='lat' dir='ltr'><strong>quid,</strong></span> <span class='ocrx_word' id='word_1_434' title='bbox 2140 3643 2259 3695; x_wconf 87' lang='lat' dir='ltr'><strong>nisi</strong></span> <span class='ocrx_word' id='word_1_435' title='bbox 2292 3645 2451 3714; x_wconf 82' lang='lat' dir='ltr'><strong>quod</strong></span> <span class='ocrx_word' id='word_1_436' title='bbox 2480 3646 2685 3712; x_wconf 88' lang='lat' dir='ltr'><strong>decet,</strong></span> 
     </span>
     <span class='ocr_line' id='line_1_46' title="bbox 392 3703 2687 3781; baseline 0.001 -16"><span class='ocrx_word' id='word_1_437' title='bbox 392 3721 572 3781; x_wconf 80' lang='lat' dir='ltr'><strong>atque</strong></span> <span class='ocrx_word' id='word_1_438' title='bbox 597 3710 720 3765; x_wconf 83' lang='lat' dir='ltr'><strong>alio</strong></span> <span class='ocrx_word' id='word_1_439' title='bbox 764 3711 826 3762; x_wconf 92' lang='lat' dir='ltr'><strong>ui</strong></span> <span class='ocrx_word' id='word_1_440' title='bbox 855 3708 1143 3779; x_wconf 80' lang='lat' dir='ltr'><strong>cuiusque</strong></span> <span class='ocrx_word' id='word_1_441' title='bbox 1173 3703 1380 3758; x_wconf 79' lang='lat' dir='ltr'><strong>officio</strong></span> <span class='ocrx_word' id='word_1_442' title='bbox 1413 3715 1881 3761; x_wconf 84' lang='lat' dir='ltr'><strong>consentaneum</strong></span> <span class='ocrx_word' id='word_1_443' title='bbox 1912 3720 2022 3778; x_wconf 89' lang='lat' dir='ltr'><strong>est,</strong></span> <span class='ocrx_word' id='word_1_444' title='bbox 2058 3712 2459 3781; x_wconf 88' lang='lat' dir='ltr'><strong>praecipiant.</strong></span> <span class='ocrx_word' id='word_1_445' title='bbox 2525 3715 2687 3778; x_wconf 84' lang='lat' dir='ltr'><strong>Hinc</strong></span> 
     </span>
     <span class='ocr_line' id='line_1_47' title="bbox 391 3777 2687 3858; baseline 0.002 -27"><span class='ocrx_word' id='word_1_446' title='bbox 391 3790 488 3849; x_wconf 74' lang='lat' dir='ltr'><strong>(ut</strong></span> <span class='ocrx_word' id='word_1_447' title='bbox 517 3794 707 3848; x_wconf 88' lang='lat' dir='ltr'><strong>nuper</strong></span> <span class='ocrx_word' id='word_1_448' title='bbox 773 3777 876 3841; x_wconf 84' lang='lat' dir='ltr'><strong>ixi)</strong></span> <span class='ocrx_word' id='word_1_449' title='bbox 902 3778 1298 3830; x_wconf 85' lang='lat' dir='ltr'><strong>admonentur</strong></span> <span class='ocrx_word' id='word_1_450' title='bbox 1326 3777 1622 3842; x_wconf 85' lang='lat' dir='ltr'><strong>Pastores,</strong></span> <span class='ocrx_word' id='word_1_451' title='bbox 1658 3778 1777 3846; x_wconf 80' lang='lat' dir='ltr'><strong>&#39;qua</strong></span> <span class='ocrx_word' id='word_1_452' title='bbox 1804 3777 1941 3830; x_wconf 83' lang='lat' dir='ltr'><strong>fieri</strong></span> <span class='ocrx_word' id='word_1_453' title='bbox 1968 3788 2191 3848; x_wconf 87' lang='lat' dir='ltr'><strong>potest,</strong></span> <span class='ocrx_word' id='word_1_454' title='bbox 2237 3787 2469 3858; x_wconf 64' lang='lat' dir='ltr'><strong>suiryna</strong></span> <span class='ocrx_word' id='word_1_455' title='bbox 2497 3781 2687 3835; x_wconf 89' lang='lat' dir='ltr'><strong>comi-</strong></span> 
     </span>
     <span class='ocr_line' id='line_1_48' title="bbox 391 3842 2686 3917; baseline 0 -14"><span class='ocrx_word' id='word_1_456' title='bbox 391 3858 517 3912; x_wconf 84' lang='lat' dir='ltr'><strong>tate</strong></span> <span class='ocrx_word' id='word_1_457' title='bbox 544 3846 887 3901; x_wconf 83' lang='lat' dir='ltr'><strong>mulcendos</strong></span> <span class='ocrx_word' id='word_1_458' title='bbox 917 3863 1045 3900; x_wconf 87' lang='lat' dir='ltr'><strong>esse</strong></span> <span class='ocrx_word' id='word_1_459' title='bbox 1069 3844 1295 3898; x_wconf 89' lang='lat' dir='ltr'><strong>animos</strong></span> <span class='ocrx_word' id='word_1_460' title='bbox 1312 3879 1330 3908; x_wconf 92' lang='lat'><strong>,</strong></span> <span class='ocrx_word' id='word_1_461' title='bbox 1366 3842 1602 3914; x_wconf 82' lang='lat' dir='ltr'><strong>quoties</strong></span> <span class='ocrx_word' id='word_1_462' title='bbox 1624 3846 1737 3898; x_wconf 86' lang='lat' dir='ltr'><strong>hac</strong></span> <span class='ocrx_word' id='word_1_463' title='bbox 1766 3847 1999 3900; x_wconf 86' lang='lat' dir='ltr'><strong>ratione</strong></span> <span class='ocrx_word' id='word_1_464' title='bbox 2028 3849 2160 3917; x_wconf 88' lang='lat' dir='ltr'><strong>plus</strong></span> <span class='ocrx_word' id='word_1_465' title='bbox 2185 3848 2546 3917; x_wconf 76' lang='lat' dir='ltr'><strong>proficitur-3</strong></span> <span class='ocrx_word' id='word_1_466' title='bbox 2586 3851 2686 3904; x_wconf 80' lang='lat' dir='ltr'><strong>sed</strong></span> 
     </span>
     <span class='ocr_line' id='line_1_49' title="bbox 389 3912 2686 3984; baseline 0 -13"><span class='ocrx_word' id='word_1_467' title='bbox 389 3920 484 3971; x_wconf 83' lang='lat' dir='ltr'><strong>ita</strong></span> <span class='ocrx_word' id='word_1_468' title='bbox 517 3926 584 3969; x_wconf 88' lang='lat' dir='ltr'><strong>ut</strong></span> <span class='ocrx_word' id='word_1_469' title='bbox 619 3914 845 3981; x_wconf 76' lang='lat' dir='ltr'><strong>sciant,</strong></span> <span class='ocrx_word' id='word_1_470' title='bbox 896 3916 999 3984; x_wconf 86' lang='lat' dir='ltr'><strong>qui</strong></span> <span class='ocrx_word' id='word_1_471' title='bbox 1021 3912 1414 3972; x_wconf 73' lang='lat' dir='ltr'><strong>‘tam&#39;blande</strong></span> <span class='ocrx_word' id='word_1_472' title='bbox 1455 3923 1822 3980; x_wconf 83' lang='lat' dir='ltr'><strong>tractantur,</strong></span> <span class='ocrx_word' id='word_1_473' title='bbox 1874 3920 2067 3969; x_wconf 82' lang='lat' dir='ltr'><strong>minua</strong></span> <span class='ocrx_word' id='word_1_474' title='bbox 2102 3934 2137 3968; x_wconf 82' lang='lat' dir='ltr'><strong>a</strong></span> <span class='ocrx_word' id='word_1_475' title='bbox 2174 3934 2238 3969; x_wconf 89' lang='lat' dir='ltr'><strong>se</strong></span> <span class='ocrx_word' id='word_1_476' title='bbox 2272 3916 2469 3984; x_wconf 75' lang='lat' dir='ltr'><strong>exigi,</strong></span> <span class='ocrx_word' id='word_1_477' title='bbox 2550 3936 2686 3972; x_wconf 87' lang='lat' dir='ltr'><strong>uam</strong></span> 
     </span>
     <span class='ocr_line' id='line_1_50' title="bbox 390 3984 2685 4056; baseline -0 -17"><span class='ocrx_word' id='word_1_478' title='bbox 390 3984 672 4040; x_wconf 79' lang='lat' dir='ltr'><strong>debeant.</strong></span> <span class='ocrx_word' id='word_1_479' title='bbox 766 3984 996 4035; x_wconf 82' lang='lat' dir='ltr'><strong>Nomen</strong></span> <span class='ocrx_word' id='word_1_480' title='bbox 1035 3984 1202 4035; x_wconf 77' lang='lat' dir='ltr'><strong>Senis</strong></span> <span class='ocrx_word' id='word_1_481' title='bbox 1242 3998 1365 4032; x_wconf 89' lang='lat' dir='ltr'><strong>non</strong></span> <span class='ocrx_word' id='word_1_482' title='bbox 1407 3992 1698 4049; x_wconf 81' lang='lat' dir='ltr'><strong>aetatem,</strong></span> <span class='ocrx_word' id='word_1_483' title='bbox 1754 3984 1858 4036; x_wconf 88' lang='lat' dir='ltr'><strong>sed</strong></span> <span class='ocrx_word' id='word_1_484' title='bbox 1896 3985 2167 4039; x_wconf 83' lang='lat' dir='ltr'><strong>officium</strong></span> <span class='ocrx_word' id='word_1_485' title='bbox 2210 3985 2314 4039; x_wconf 88' lang='lat' dir='ltr'><strong>hic</strong></span> <span class='ocrx_word' id='word_1_486' title='bbox 2358 3985 2520 4056; x_wconf 78' lang='lat' dir='ltr'><strong>signi</strong></span> <span class='ocrx_word' id='word_1_487' title='bbox 2574 4001 2685 4040; x_wconf 85' lang='lat' dir='ltr'><strong>eat.</strong></span> 
     </span>
     <span class='ocr_line' id='line_1_51' title="bbox 390 4049 2685 4133; baseline 0 -27"><span class='ocrx_word' id='word_1_488' title='bbox 390 4053 565 4126; x_wconf 89' lang='lat' dir='ltr'><strong>Quod</strong></span> <span class='ocrx_word' id='word_1_489' title='bbox 590 4059 788 4105; x_wconf 87' lang='lat' dir='ltr'><strong>autem</strong></span> <span class='ocrx_word' id='word_1_490' title='bbox 818 4068 878 4103; x_wconf 88' lang='lat' dir='ltr'><strong>se</strong></span> <span class='ocrx_word' id='word_1_491' title='bbox 902 4067 1018 4105; x_wconf 89' lang='lat' dir='ltr'><strong>non</strong></span> <span class='ocrx_word' id='word_1_492' title='bbox 1045 4050 1394 4121; x_wconf 85' lang='lat' dir='ltr'><strong>Apostolum</strong></span> <span class='ocrx_word' id='word_1_493' title='bbox 1422 4052 1723 4119; x_wconf 84' lang='lat' dir='ltr'><strong>nominat,</strong></span> <span class='ocrx_word' id='word_1_494' title='bbox 1773 4054 1911 4118; x_wconf 84' lang='lat' dir='ltr'><strong>ideo</strong></span> <span class='ocrx_word' id='word_1_495' title='bbox 1942 4053 2042 4120; x_wconf 83' lang='lat' dir='ltr'><strong>fit,</strong></span> <span class='ocrx_word' id='word_1_496' title='bbox 2093 4049 2230 4133; x_wconf 68' lang='lat' dir='ltr'><strong>qdia</strong></span> <span class='ocrx_word' id='word_1_497' title='bbox 2261 4071 2398 4107; x_wconf 84' lang='lat' dir='ltr'><strong>cum</strong></span> <span class='ocrx_word' id='word_1_498' title='bbox 2438 4051 2685 4125; x_wconf 76' lang='lat' dir='ltr'><strong>collega</strong></span> 
     </span>
     <span class='ocr_line' id='line_1_52' title="bbox 391 4116 2646 4193; baseline 0 -17"><span class='ocrx_word' id='word_1_499' title='bbox 391 4124 458 4176; x_wconf 84' lang='lat' dir='ltr'><strong>in</strong></span> <span class='ocrx_word' id='word_1_500' title='bbox 474 4120 647 4175; x_wconf 82' lang='lat' dir='ltr'><strong>Verbi</strong></span> <span class='ocrx_word' id='word_1_501' title='bbox 675 4116 1011 4172; x_wconf 86' lang='lat' dir='ltr'><strong>ministerio</strong></span> <span class='ocrx_word' id='word_1_502' title='bbox 1037 4119 1134 4172; x_wconf 89' lang='lat' dir='ltr'><strong>illi</strong></span> <span class='ocrx_word' id='word_1_503' title='bbox 1157 4119 1469 4187; x_wconf 84' lang='lat' dir='ltr'><strong>negotium</strong></span> <span class='ocrx_word' id='word_1_504' title='bbox 1499 4128 1605 4185; x_wconf 83' lang='lat' dir='ltr'><strong>est,</strong></span> <span class='ocrx_word' id='word_1_505' title='bbox 1633 4117 1767 4173; x_wconf 72' lang='lat' dir='ltr'><strong>cum</strong></span> <span class='ocrx_word' id='word_1_506' title='bbox 1795 4137 1911 4189; x_wconf 86' lang='lat' dir='ltr'><strong>quo</strong></span> <span class='ocrx_word' id='word_1_507' title='bbox 1937 4121 2324 4175; x_wconf 74' lang='lat' dir='ltr'><strong>familiariter</strong></span> <span class='ocrx_word' id='word_1_508' title='bbox 2350 4122 2646 4193; x_wconf 85' lang='lat' dir='ltr'><strong>loquitur.</strong></span> 
     </span>
     <span class='ocr_line' id='line_1_53' title="bbox 531 4186 2683 4259; baseline 0.005 -24"><span class='ocrx_word' id='word_1_509' title='bbox 531 4191 613 4243; x_wconf 82' lang='lat'><strong>10.</strong></span> <span class='ocrx_word' id='word_1_510' title='bbox 683 4187 847 4253; x_wconf 79' lang='lat' dir='ltr'><strong>Rogo</strong></span> <span class='ocrx_word' id='word_1_511' title='bbox 874 4205 979 4254; x_wconf 86' lang='lat' dir='ltr'><strong>pro</strong></span> <span class='ocrx_word' id='word_1_512' title='bbox 999 4189 1157 4253; x_wconf 76' lang='lat' dir='ltr'><strong>silio.</strong></span> <span class='ocrx_word' id='word_1_513' title='bbox 1229 4186 1527 4256; x_wconf 88' lang='lat' dir='ltr'><strong>Quoniam</strong></span> <span class='ocrx_word' id='word_1_514' title='bbox 1551 4189 1743 4243; x_wconf 85' lang='lat' dir='ltr'><strong>minus</strong></span> <span class='ocrx_word' id='word_1_515' title='bbox 1770 4188 2048 4257; x_wconf 85' lang='lat' dir='ltr'><strong>ponderis</strong></span> <span class='ocrx_word' id='word_1_516' title='bbox 2074 4191 2293 4243; x_wconf 85' lang='lat' dir='ltr'><strong>habere</strong></span> <span class='ocrx_word' id='word_1_517' title='bbox 2319 4191 2683 4259; x_wconf 87' lang='lat' dir='ltr'><strong>solent‚pre·</strong></span> 
     </span>
     <span class='ocr_line' id='line_1_54' title="bbox 389 4254 2681 4327; baseline 0 -16"><span class='ocrx_word' id='word_1_518' title='bbox 389 4275 488 4312; x_wconf 86' lang='lat' dir='ltr'><strong>ces</strong></span> <span class='ocrx_word' id='word_1_519' title='bbox 506 4292 524 4325; x_wconf 86' lang='lat'><strong>,</strong></span> <span class='ocrx_word' id='word_1_520' title='bbox 565 4256 777 4327; x_wconf 85' lang='lat' dir='ltr'><strong>quibus</strong></span> <span class='ocrx_word' id='word_1_521' title='bbox 805 4254 966 4307; x_wconf 85' lang='lat' dir='ltr'><strong>nulla</strong></span> <span class='ocrx_word' id='word_1_522' title='bbox 995 4256 1182 4309; x_wconf 84' lang='lat' dir='ltr'><strong>iustae</strong></span> <span class='ocrx_word' id='word_1_523' title='bbox 1211 4256 1742 4316; x_wconf 79' lang='lat' dir='ltr'><strong>commendationis</strong></span> <span class='ocrx_word' id='word_1_524' title='bbox 1768 4275 1941 4310; x_wconf 88' lang='lat' dir='ltr'><strong>causa</strong></span> <span class='ocrx_word' id='word_1_525' title='bbox 1967 4259 2205 4321; x_wconf 84' lang='lat' dir='ltr'><strong>subest,</strong></span> <span class='ocrx_word' id='word_1_526' title='bbox 2247 4260 2502 4313; x_wconf 87' lang='lat' dir='ltr'><strong>ostendit</strong></span> <span class='ocrx_word' id='word_1_527' title='bbox 2524 4262 2681 4312; x_wconf 88' lang='lat' dir='ltr'><strong>Pau-</strong></span> 
     </span>
     <span class='ocr_line' id='line_1_55' title="bbox 386 4321 2683 4394; baseline -0 -14"><span class='ocrx_word' id='word_1_528' title='bbox 386 4329 514 4393; x_wconf 89' lang='lat' dir='ltr'><strong>lus,</strong></span> <span class='ocrx_word' id='word_1_529' title='bbox 568 4341 632 4378; x_wconf 88' lang='lat' dir='ltr'><strong>se</strong></span> <span class='ocrx_word' id='word_1_530' title='bbox 667 4324 1004 4377; x_wconf 81' lang='lat' dir='ltr'><strong>necessario</strong></span> <span class='ocrx_word' id='word_1_531' title='bbox 1046 4321 1250 4376; x_wconf 74' lang='lat' dir='ltr'><strong>officio</strong></span> <span class='ocrx_word' id='word_1_532' title='bbox 1290 4323 1540 4390; x_wconf 89' lang='lat' dir='ltr'><strong>adduci,</strong></span> <span class='ocrx_word' id='word_1_533' title='bbox 1592 4335 1659 4379; x_wconf 89' lang='lat' dir='ltr'><strong>ut</strong></span> <span class='ocrx_word' id='word_1_534' title='bbox 1685 4343 1794 4394; x_wconf 88' lang='lat' dir='ltr'><strong>pro</strong></span> <span class='ocrx_word' id='word_1_535' title='bbox 1824 4326 2102 4379; x_wconf 87' lang='lat' dir='ltr'><strong>Onesimo</strong></span> <span class='ocrx_word' id='word_1_536' title='bbox 2132 4327 2487 4383; x_wconf 77' lang='lat' dir='ltr'><strong>intercedat.</strong></span> <span class='ocrx_word' id='word_1_537' title='bbox 2562 4330 2683 4382; x_wconf 82' lang='lat' dir='ltr'><strong>Hic</strong></span> 
     </span>
     <span class='ocr_line' id='line_1_56' title="bbox 389 4385 2679 4466; baseline 0.002 -19"><span class='ocrx_word' id='word_1_538' title='bbox 389 4412 533 4448; x_wconf 81' lang='lat' dir='ltr'><strong>vero</strong></span> <span class='ocrx_word' id='word_1_539' title='bbox 561 4409 780 4466; x_wconf 80' lang='lat' dir='ltr'><strong>operae</strong></span> <span class='ocrx_word' id='word_1_540' title='bbox 809 4393 1071 4464; x_wconf 84' lang='lat' dir='ltr'><strong>pretium</strong></span> <span class='ocrx_word' id='word_1_541' title='bbox 1099 4404 1187 4448; x_wconf 76' lang='lat' dir='ltr'><strong>est</strong></span> <span class='ocrx_word' id='word_1_542' title='bbox 1213 4391 1551 4461; x_wconf 80' lang='lat' dir='ltr'><strong>expendere</strong></span> <span class='ocrx_word' id='word_1_543' title='bbox 1571 4430 1589 4463; x_wconf 90' lang='lat'><strong>,</strong></span> <span class='ocrx_word' id='word_1_544' title='bbox 1627 4406 1916 4465; x_wconf 83' lang='lat' dir='ltr'><strong>quantum</strong></span> <span class='ocrx_word' id='word_1_545' title='bbox 1941 4411 2003 4449; x_wconf 89' lang='lat' dir='ltr'><strong>se</strong></span> <span class='ocrx_word' id='word_1_546' title='bbox 2032 4395 2345 4464; x_wconf 85' lang='lat' dir='ltr'><strong>demittat,</strong></span> <span class='ocrx_word' id='word_1_547' title='bbox 2391 4385 2533 4453; x_wconf 81' lang='lat' dir='ltr'><strong>dum</strong></span> <span class='ocrx_word' id='word_1_548' title='bbox 2562 4395 2679 4451; x_wconf 80' lang='lat' dir='ltr'><strong>filii</strong></span> 
     </span>
    </p>
   </div>
   <div class='ocr_carea' id='block_1_14' title="bbox 2780 3507 2786 4337">
    <p class='ocr_par' dir='ltr' id='par_1_14' title="bbox 2780 3507 2786 4337">
     <span class='ocr_line' id='line_1_57' title="bbox 2780 3507 2786 4337; baseline 0 0"><span class='ocrx_word' id='word_1_549' title='bbox 2780 3507 2786 4337; x_wconf 95' lang='lat' dir='ltr'><strong> </strong></span> 
     </span>
    </p>
   </div>
  </div>
 </body>
</html>
