2820 4895
1907 122 1933 137 *x

333 336 342 343 ,
410 256 520 324 m
577 234 914 356 Epis‘r.
971 222 1298 326 PAULI
1351 201 1488 324 ΑΙ)
1548 257 1916 333 TITUM
1973 257 2208 329 cmi.
2354 262 2477 330 341

158 436 379 495 torum
418 424 810 483 incredulitas
855 435 915 482 et
956 427 1353 481 contumacia.
1405 427 1594 485 ‚Nam
1636 436 1780 480 tunc
1822 427 2095 493 infirmos
2139 431 2233 497 (ut
2266 429 2504 498 hodie)⁴

159 494 520 548 scandalum
546 495 665 548 hoc
695 495 868 548 valde
894 495 1211 567 turbabat,
1295 514 1437 549 uum
1466 513 1696 564 eorum,
1734 496 1838 567 qui
1869 515 1931 549 se
1962 500 2261 552 Ecclesiae
2289 496 2469 554 tit'ulo

136 563 598 631 venditabant,
637 564 829 617 maior
856 580 997 633 pars
1026 581 1248 633 puram,
1310 565 1489 617 hristi
1517 565 1850 618 doctrinam
1873 577 2202 634 respueret.
2276 569 2472 638 Quare

155 633 425 698 Paulus,
484 632 627 684 licet
683 635 1022 701 promiscue
1060 635 1177 686 Dei
1227 650 1450 687 nomen
1502 651 1708 686 omnes
1754 635 2014 703 iactent,
2065 636 2360 703 plurimos
2399 644 2470 692 ex

154 702 345 753 turba
387 701 496 752 illa
532 701 828 770 reprobos
873 718 998 759 esse
1045 702 1253 769 docet,
1362 703 1819 773 uemadmodum
1862 703 2004 755 alibi
2044 707 2228 757 tradit
2270 705 2470 777 (Rom.

158 770 220 836 9,
242 769 360 836 7.)‚
413 786 531 821 non
556 786 763 837 omnes
781 807 797 835 ,
837 770 941 839 qui
972 786 1155 837 genus
1182 771 1296 823 duc
1339 782 1405 825 nt
1433 771 1505 823 ab
1533 771 1828 823 Abraham
1856 775 2179 827 secundum
2207 770 2466 843 carnem,

160 855 302 890 esse
327 837 628 905 legitimos
656 838 929 890 Abrahae
953 838 1133 892 filios.
1276 840 1355 893 Et
1394 840 1778 904 agnitionem.
1860 842 2166 907 Copulatrr
2187 843 2294 900 hic
2321 844 2467 896 'exe-

157 905 406 976 geticae
437 907 772 974 particulae
801 907 938 958 loco
971 904 1227 974 positam
1257 908 1517 977 accipio:
1558 909 1788 988 Nempe
1816 910 1909 961 vel
1934 909 2200 965 Scilicet.
2268 911 2467 982 Expo-

156 976 257 1027 nit
296 973 493 1041 enim,
541 975 730 1043 qualis
771 974 851 1026 sit
891 975 997 1025 illa
1038 976 1217 1041 fides,
1274 975 1442 1035 cuius
1476 977 1794 1043 meminit,
1849 993 2186 1048 quanquam
2220 997 2342 1032 non
2379 990 2468 1034 est

156 1044 345 1113 plena
387 1042 515 1095 eius
557 1042 860 1111 definitio,
909 1044 1012 1094 sed
1054 1043 1382 1112 descriptio
1425 1045 1496 1098 ad
1535 1043 1654 1095 loci
1699 1046 2467 1112 praesentiscircumstan-

158 1115 322 1164 tiam
348 1113 819 1169 accommodata.
890 1112 1072 1164 Suum
1104 1113 1266 1164 enim
1298 1113 1713 1182 Apostolatum
1737 1121 1805 1166 ut
1834 1115 1907 1165 ab
1940 1115 2101 1166 omni
2123 1114 2467 1184 impostura
2528 1128 2531 1147 s

162 1192 228 1233 et
274 1196 484 1234 errore
526 1187 784 1245 asserat,
815 1180 983 1231 ‘nihil
1026 1182 1342 1233 continere
1381 1190 1639 1241 testatur
1673 1180 1785 1232 nisi
1830 1191 2056 1235 certam
2092 1192 2153 1235 et
2191 1201 2466 1255 comper-

155 1260 293 1302 tam
333 1248 677 1315 veritatem,
728 1265 876 1318 quae
910 1248 1183 1302 homines
1214 1251 1286 1301 ad
1315 1249 1677 1319 purum‘De'i
1710 1250 1932 1304 cultum
1959 1250 2262 1306 instituat.
2350 1253 2463 1306 Sed

160 1320 308 1388 quia
339 1317 597 1386 singulis
632 1317 830 1373 verbis
867 1317 1023 1373 inest
1048 1334 1233 1385 ,suum
1272 1319 1539 1387 pondus,
1572 1317 1901 1388 ‘sigillatim
1934 1329 2211 1374 excutere
2236 1338 2460 1390 operae

156 1385 428 1456 pretium
464 1397 569 1447 est.
642 1385 909 1439 Primum
946 1403 1125 1456 quum
1165 1387 1310 1439 fides
1348 1386 1580 1455 agnitio
1619 1387 1995 1454 nominatur,
2047 1405 2169 1440 non
2210 1391 2283 1443 ab
2328 1389 2462 1457 opi-

157 1456 345 1508 nione
383 1455 742 1510 discernitur
782 1463 1050 1521 tantum,
1098 1456 1199 1508 sed
1234 1457 1308 1509 ab
1342 1455 1589 1509 informi
1617 1455 1726 1507 illo
1757 1456 2129 1525 Papistarum
2148 1457 2461 1525 figmento.
2528 1506 2536 1510 t

159 1523 371 1578 Fidem
412 1524 572 1576 enim
614 1524 975 1592 implicitam
1019 1525 1344 1581 commenti
1375 1535 1512 1577 sunt
1540 1525 1699 1576 omni
1728 1525 2174 1594 intelligentiae
2199 1528 2336 1581 luce
2366 1543 2463 1577 va·
2511 1536 2521 1547 ·’
2596 1590 2605 1607 x

119 1610 134 1623 ‘
163 1609 360 1644 cuam.
436 1595 510 1643 At
536 1592 750 1646 Paulus
785 1594 924 1645 dum
960 1592 1123 1646 istud
1160 1590 1324 1647 fidei·
1346 1593 1530 1663 quasi·
1552 1593 1862 1663 proprium
1897 1595 2189 1662 assignat,
2237 1595 2461 1648 verita-

147 1673 287 1715 sem
346 1676 748 1729 cognoscere,
808 1662 1040 1714 nullam
1083 1673 1267 1718 certe*¹⁴
1296 1663 1520 1732 absque
1546 1662 1788 1715 notitia
1830 1679 1956 1715 esse
1988 1663 2206 1729 fidem,
2260 1663 2460 1733 palam

162 1730 445 1784 ostendit.
506 1732 582 1782 Et
608 1731 671 1782 in
700 1731 943 1787 nomine
981 1732 1257 1782 Veritatis
1281 1732 1502 1784 ‘melius
1529 1730 1890 1801 exprimitur
1917 1730 2240 1799 certitudo,
2279 1748 2458 1802 quam

165 1798 363 1867 exigit
384 1797 524 1850 fidei
551 1809 788 1864 natura.
851 1801 1061 1868 Neque
1084 1800 1246 1852 enim
1272 1794 1420 1852 fides
1448 1799 1750 1870 probabili
1784 1801 2021 1851 ratione
2051 1810 2330 1853 contenta
2355 1809 2462 1868 est,
2493 1851 2498 1858 ,

159 1868 283 1921 nisi
317 1884 519 1921 verum
546 1867 746 1937 ipsum
774 1876 998 1921 teneat.
1088 1869 1274 1920 Porro
1304 1886 1427 1921 non
1466 1869 1538 1919 de
1566 1868 1827 1937 qualibet
1859 1869 2110 1921 veritate
2138 1869 2238 1922 hic
2268 1869 2490 1940 loqui-,

162 1949 301 2005 tur,
352 1936 455 1988 sed
491 1938 574 1988 de·
600 1937 852 1990 coelesti*
888 1936 1194 2004 doctrina,
1239 1953 1389 2005 quae
1414 1937 1712 1991 humanae
1740 1937 1959 1990 mentis
1991 1937 2241 1991 vanitati
2270 1955 2459 2010 oppos·

161 2007 356 2058 nitur.
429 2006 585 2058 Nam
625 2006 806 2059 sicuti
849 2021 957 2076 per
991 2005 1160 2058 illam
1195 2023 1258 2064 se
1300 2005 1472 2058 nobis
1500 2006 1665 2059 Deus
1703 2006 2021 2073 patefecit,
2068 2005 2151 2059 ita
2188 2007 2309 2061 sola
2345 2009 2464 2059 hoc

161 2076 401 2128 honore
439 2074 619 2144 digna
657 2084 778 2142 est,
825 2074 1008 2127 sicuti
1046 2073 1267 2144 passim
1301 2073 1614 2140 Scriptura
1653 2073 1922 2126 tribuere
1958 2075 2057 2131 illi,
2095 2077 2283 2129 solet:
2332 2076 2458 2128 Ioh.

164 2144 252 2210 16,
280 2143 420 2196 13.:-
452 2145 530 2196 Et
571 2143 828 2212 Spiritus
863 2160 966 2195 vos
994 2143 1188 2194 ‘ducet
1225 2145 1293 2194 in
1331 2159 1570 2195 omnem
1609 2142 1957 2207 veritatem3
2013 2142 2177 2197 idem
2214 2143 2300 2211 17,
2329 2145 2417 2197 17.
2439 2164 2456 2198 z

164 2215 373 2270 Sermo
419 2220 557 2265 tuns
599 2211 817 2265 veritas
858 2221 978 2277 est3
1041 2211 1236 2264 Galat.
1266 2211 1323 2279 3,
1351 2214 1435 2264 1.=
1499 2202 1641 2282 Quis
1682 2228 1790 2264 vos
1832 2212 2175 2280 fascinavit,
2224 2223 2290 2266 ut
2332 2230 2456 2266 non
2532 2245 2549 2264 f

167 2280 499 2335 obediatis?
544 2280 777 2346 Gelos&
810 2282 860 2347 1,
890 2279 974 2332 5.=
1032 2281 1250 2333 Audito
1293 2297 1567 2335 sermone
1606 2278 1910 2349 veritatis,
1959 2282 2284 2350 Evangelio
2315 2282 2457 2334 Filii

162 2351 315 2412 Dei;
354 2352 400 2403 1.
416 2351 680 2403 Timoth.
709 2351 763 2417 2,
780 2350 833 2403 4.
853 2369 869 2402 z
907 2351 1272 2403 Vulromnes
1302 2349 1376 2401 ad
1404 2348 1781 2423 agnitionem
1810 2349 2078 2402 veritatis
2108 2351 2455 2419 pervenire3
2527 2416 2529 2419 v

165 2429 225 2474 et
252 2419 305 2484 3,
333 2417 450 2471 16.=
506 2419 778 2472 Ecclesia
812 2414 1092 2474 columna
1127 2428 1220 2472 est
1250 2428 1309 2472 et
1332 2418 1775 2472 firmamentum
1801 2419 2093 2472 veritatis.
2179 2419 2458 2473 Breviter

163 2489 390 2540 veritas
430 2487 548 2540 ista
587 2495 753 2541 recta
797 2499 886 2542 est
921 2506 988 2542 ac
1034 2491 1261 2541 sincera
1284 2489 1399 2541 Dei
1429 2486 1724 2558 co'gnitiO,
1762 2505 1914 2557 quae
1941 2506 2048 2541 nos
2077 2488 2149 2540 ab
2178 2489 2339 2540 omni
2366 2506 2456 2542 ere

162 2575 306 2610 rore
340 2558 763 2626 mendacioque
798 2558 1039 2611 liberat.
1126 2560 1257 2632 Quo
1291 2557 1518 2624 maiore
1553 2558 1709 2626 apud
1740 2574 1846 2608 nos
1876 2557 1939 2609 in
1968 2556 2163 2625 pretio
2194 2574 2320 2610 esse
2352 2557 2454 2609 de·

161 2627 305 2694 bet,
353 2626 583 2696 quando
622 2627 778 2678 nihil
815 2627 1091 2679 miserius
1126 2636 1251 2695 est,
1299 2644 1478 2695 quam
1508 2635 1636 2678 tota
1664 2626 1782 2678 vita
1811 2626 2002 2678 instar
2030 2627 2328 2695 pecudum
2357 2642 2454 2678 ier·

162 2712 320 2748 rare.
396 2695 567 2765 Quod
595 2695 862 2764 sequitur
897 2697 1211 2747 Secundum
1244 2698 1518 2765 pietatem
1544 2694 1890 2760 veritatem,
1925 2695 1998 2747 de
2026 2712 2141 2764 qua
2165 2696 2452 2765 loquutus

162 2763 394 2830 fuerat,
447 2763 793 2831 specialiter
832 2764 1172 2833 restringit3
1224 2766 1403 2817 simul
1440 2772 1640 2817 tamen
1675 2781 1707 2815 a
1738 2764 1944 2817 fructu
1972 2766 2068 2817 vel
2097 2782 2132 2817 a
2155 2763 2272 2816 fine
2299 2780 2455 2816 com·

161 2833 410 2885 mendat
449 2833 782 2885 doctrinam
809 2833 1011 2899 Pauli,
1049 2832 1196 2901 >quia
1222 2850 1345 2884 non
1371 2833 1488 2885 alio
1516 2839 1780 2903 spectet,
1825 2849 1999 2903 quam
2044 2842 2113 2885 ut
2144 2832 2261 2884 rite
2289 2834 2452 2890 Deus

166 2902 438 2972 colatur,
491 2919 753 2971 puraque
794 2901 998 2971 vigeat
1039 2901 1200 2953 inter
1236 2903 1510 2955 homines
1551 2900 1792 2971 religio.
1867 2902 1998 2971 Quo
2028 2918 2197 2955 suam
2224 2899 2453 2953 doctri-

164 2987 302 3024 nam
329 2971 401 3021 ab
436 2970 597 3023 omni
624 2971 911 3040 prossanae
938 2971 1311 3039 curiositatis
1342 2980 1488 3023 nota
1516 2971 1802 3037 vindicat,
1840 2969 2013 3022 sicuti
2034 2973 2234 3023 Actor.
2261 2968 2348 3034 24,
2366 2971 2451 3022 10.

166 3055 368 3108 coram
410 3040 644 3106 Felice,
695 3049 756 3091 et
785 3039 1003 3109 deinde
1048 3055 1250 3102 coram
1293 3038 1560 3109 Agrippa
1595 3041 1778 3106 facit,
1834 3040 2028 3106 capite
2048 3039 2137 3105 26,
2167 3041 2214 3092 1.
2270 3036 2451 3091 'Nam

166 3124 347 3177 quum
385 3108 604 3159 merito
642 3108 763 3177 piis
807 3118 1115 3177 suspectae
1155 3108 1414 3178 adeoque
1456 3109 1693 3170 odiosae
1730 3125 1859 3159 esse
1890 3105 2145 3160 'debeant
2173 3108 2475 3176 superva-¹

164 3192 313 3228 cuae
355 3189 561 3229 omnes
600 3176 1006 3247 quaestiones,
1064 3194 1215 3246 quae
1243 3179 1315 3229 ad
1346 3176 1824 3230 aedificationem
1851 3194 1969 3229 non
1994 3176 2252 3230 faciunt}
2302 3175 2451 3229 haec

165 3246 295 3299 sola
336 3254 431 3297 est
466 3246 730 3314 legitima
772 3246 1081 3298 doctrinae
1118 3247 1596 3312 commendatio,
1643 3247 1803 3315 quod
1842 3248 1913 3299 ad
1950 3245 2348 3299 reverentiam
2390 3252 2454 3294 et

162 3314 445 3366 timorem
474 3316 588 3367 Dei
617 3325 728 3366 nos
755 3315 1045 3376 instituat.
1113 3319 1319 3385 ,Atque
1351 3315 1493 3367 hinc
1519 3316 1695 3367 etiam
1724 3331 2073 3381 monemur,
2104 3325 2174 3369 ut
2203 3314 2450 3384 quisque
2512 3323 2521 3348 ἲ

163 3382 234 3434 in
274 3382 505 3451 pietate
546 3384 775 3453 optime
815 3384 1109 3453 profecit,
1159 3384 1248 3436 ita
1289 3384 1587 3453 optimum
1632 3401 1756 3437 esse
1798 3384 2027 3438 Christi
2074 3383 2452 3452 discipulum,

159 3452 326 3505 ‘sicut
351 3452 401 3504 is
432 3453 667 3508 demum
691 3469 862 3513 verus
890 3453 1207 3520 theologus
1236 3455 1558 3509 censendus
1586 3461 1694 3520 est,
1734 3453 1921 3521 quiin
1947 3452 2163 3508 timore
2176 3451 2289 3505 Dei
2317 3457 2452 3502 con·
2524 3510 2526 3513 y

165 3522 434 3574 scientias
475 3521 778 3573 aedificat.
864 3522 1034 3591 Quod
1075 3521 1241 3573 addit
1280 3524 1350 3572 In
1386 3524 1682 3590 spcvitcoe
1721 3536 2019 3586 aeternae,
2055 3538 2176 3572 non
2203 3519 2450 3572 dubium

164 3598 286 3657 est,
340 3590 483 3658 quin
523 3607 757 3644 causam
795 3599 997 3648 notet;
1047 3589 1113 3641 id
1152 3591 1310 3644 enim
1344 3590 1592 3644 Graecis
1629 3590 1926 3659 significat
1962 3590 2074 3643 ἐπί.
2147 3588 2289 3640 Ideo
2322 3604 2449 3639 ver-

162 3667 293 3710 tere
333 3657 573 3714 licebite
621 3659 876 3727 Propter
911 3676 1111 3726 spem,
1168 3668 1271 3711 aut
1296 3659 1483 3728 Super
1509 3675 1631 3728 spe.
1705 3661 1870 3711 Nam'
1879 3677 1913 3711 a
1944 3657 2336 3724 meditatione
2367 3657 2449 3706 vi-

162 3737 263 3779 tae
290 3728 566 3780 coelestis
593 3727 812 3795 incipit
843 3737 903 3779 et
926 3745 1062 3788 vera
1091 3728 1309 3797 religio
1328 3767 1344 3795 ,
1395 3738 1454 3781 et
1482 3727 1722 3797 pietatis
1756 3727 2049 3793 studium,
2095 3725 2271 3779 sicuti
2309 3725 2451 3790 (Co-

163 3794 302 3867 lpss.
335 3798 388 3864 1,
418 3797 496 3861 5.)
534 3796 977 3856 colossensium
1015 3796 1193 3849 fidem
1234 3807 1291 3848 et
1332 3798 1643 3850 caritatem
1680 3796 1927 3849 laudans
1967 3811 2171 3849 earum
2210 3807 2447 3846 causam

166 3873 227 3916 et
260 3863 709 3918 fundamentum
749 3865 961 3922 statuit
996 3883 1020 3918 s
1069 3883 1161 3918 em
1202 3866 1270 3917 in
1311 3866 1493 3936 coelis
1531 3866 1868 3935 repositam.
1941 3862 2265 3917 Sadducaei
2290 3861 2448 3914 enim
2524 3913 2527 3918 ,

165 3942 229 3984 et
269 3932 368 4001 qui
407 3951 573 4002 spem
614 3944 882 3987 nostram
922 3933 1006 3985 in·
1068 3952 1139 3987 oc
1180 3936 1400 3987 mundo
1441 3936 1784 4001 includunt,
1833 3931 2118 4004 quicq'uid
2147 3930 2448 3996 simulent,

164 4001 324 4054 nihil
353 3999 803 4073 poss‘unt'quam
830 4009 1244 4071 contemptum
1274 4003 1398 4057 Dei·
1413 4002 1731 4068 inducere,
1783 4001 1919 4056 dum
1947 4000 2219 4054 homines
2248 3999 2313 4070 in
2343 4014 2447 4066 pe-

165 4071 379 4130 cudum
422 4073 818 4124 conditionem
859 4082 1206 4141 aggregant.
1288 4071 1549 4135 Proinde
1582 4073 1744 4125 -hono
1791 4071 2022 4123 doctori
2062 4071 2181 4122 hoc
2216 4082 2447 4135 semper

164 4139 539 4208 propositum
579 4159 705 4194 esse
740 4142 948 4205 debet,
997 4150 1064 4192 ut
1106 4139 1379 4193 homines
1422 4159 1456 4193 e
1489 4139 2029 4209 mundo-abductos
2064 4139 2129 4190 in
2162 4136 2316 4206 coeli
2351 4134 2445 4187 ad·

165 4219 433 4279 spectum
476 4218 808 4262 convertat.
887 4213 1108 4262 Fateor
1150 4210 1431 4279 quidem,
1481 4210 1597 4266 Dei
1630 4208 1881 4279 gloriam
1908 4210 2069 4261 nobis
2096 4203 2288 4276 pluris
2309 4220 2448 4286 ‘esse

164 4278 381 4330 debere
427 4293 608 4358 quam
661 4280 910 4334 salutem
958 4287 1257 4341 nostram;
1328 4289 1542 4333 verum
1586 4277 1703 4331 hoc
1745 4277 1993 4331 minime
2029 4292 2186 4329 nunc
2228 4281 2448 4351 agitur,
2502 4313 2505 4316 ,

164 4347 366 4399 utrum
407 4347 713 4412 dignitatis
754 4346 956 4399 ordine
997 4348 1335 4417 praecedat.
1416 4350 1674 4401 Tantum
1706 4348 1874 4413 dico,
1919 4360 2223 4415 nunquam
2251 4342 2446 4394 homi·

162 4430 272 4469 nes
297 4430 438 4471 vere
464 4415 657 4471 Deum
685 4420 976 4489 quaerere
994 4452 1043 4480 ,κ
1064 4415 1183 4470 nisi
1206 4416 1280 4470 ad
1308 4433 1448 4511 enm
1475 4416 1791 4488 pervenire
1815 4414 2113 4476 confidant
2129 4450 2146 4481 ,
2202 4410 2450 4534 iipoque
