2820 4895
334 239 491 376 272?
572 249 577 258 “
884 258 995 323 m
1060 205 1682 326 EPISTOLAE
1751 257 2074 338 patim

336 448 474 489 cum
496 467 514 498 ,
561 428 720 502 quod
759 426 1082 482 deducitur
1114 426 1230 483 ἀπὸ
1268 429 1368 482 τοῦ
1400 428 1755 501 χηροῦσθαιρ
1805 427 1959 500 quod
1997 434 2090 482 est
2125 419 2376 481 destitui
2408 435 2470 482 et
2495 427 2634 499 pri-

339 501 490 558 vari.
1340 533 1345 537 -
1935 539 1940 544 .

477 562 533 621 4.
606 564 789 635 Siqua
811 566 1011 618 vidua.
1092 564 1267 618 Varie
1295 560 1618 633 exponitur
1642 566 1744 619 hic
1768 566 1958 620 locus.
2010 565 2151 628 inde
2190 575 2389 632 autem
2429 567 2637 618 nasci-

340 645 443 693 'tur
487 634 884 703 ambiguitas,
935 634 1094 705 quod
1123 636 1417 703 posterius
1444 638 1776 688 membrum
1802 647 1920 687 tam
1952 636 2023 686 ad
2052 637 2254 687 viduas
2278 635 2493 688 referri
2521 653 2640 703 po-

341 700 490 775 test,
534 722 709 775 quam
736 705 809 757 ad
838 721 1041 756 earum
1067 703 1314 768 liberosa
1384 707 1508 757 Nec
1540 707 1735 756 obstat
1813 706 1930 757 uod
1967 705 2213 764 verbum
2245 706 2501 756 Discunt
2538 714 2642 756 est

341 774 615 846 plurale,
672 789 850 840 quum
890 773 962 824 de
1000 774 1171 825 vidua
1212 772 1494 840 loquutus
1537 772 1619 824 sit
1660 722 1874 826 Paulus
1920 772 1983 824 in
2020 783 2269 825 numero
2314 772 2640 843 singulari.

343 844 592 910 Numeri
624 842 782 893 enim
813 841 1064 893 mutatio
1091 840 1237 891 satis
1267 842 1606 910 usitata'est
1633 841 1695 892 in
1724 840 1994 892 oratione
2027 841 2357 903 indefinita,
2397 842 2514 894 hoc
2543 852 2644 895 est

346 913 453 966 ubi
495 912 567 963 de
603 918 734 978 toto
778 913 1032 978 genere,
1085 927 1206 961 non
1234 909 1304 964 de
1326 909 1641 961 ¹individuo
1668 919 1984 963 tractatur.
2053 910 2172 979 Qui
2199 912 2273 972 de
2302 909 2503 963 viduis
2532 926 2641 961 ac·-

348 981 583 1051 cipiunt
603 1018 618 1046 ,
656 980 818 1031 hunc
842 987 1059 1046 putant
1090 994 1214 1029 esse
1243 981 1513 1033 sensum:
1567 980 1809 1097 Di⁵⁰³¹¹il
1843 981 1930 1045 pia
1962 980 2223 1031 familiae
2251 978 2644 1031 administra-

346 1053 511 1105 tione
534 1048 908 1101 beneficium
950 1046 1360 1113 educationis,
1417 1036 1577 1116 quod
1615 1065 1650 1100 a
1682 1063 1777 1102 ma
1807 1048 2010 1099 oribus
2046 1056 2441 1114 acceperunt,
2489 1065 2645 1117 erga

348 1122 606 1173 minores
633 1116 983 1185 rependere.
1028 1117 1112 1166 ita
1142 1116 1597 1183 Chrysostomus
1624 1127 1683 1169 et
1714 1117 1814 1170 alii
1847 1118 2101 1185 quidam.
2172 1117 2518 1184 Simplicius
2546 1130 2647 1169 ta-

347 1206 490 1242 men
530 1186 663 1242 aliis
704 1185 937 1236 videtur
975 1185 1048 1236 de
1083 1184 1293 1236 liberis
1334 1193 1393 1235 et
1428 1186 1736 1253 nepotibus
1778 1188 2064 1252 accipere.
2138 1188 2400 1238 Matrem
2429 1182 2645 1255 itaque

352 1273 563 1314 eorum
604 1253 862 1321 iudicio,
919 1261 1025 1304 aut
1061 1251 1289 1318 aviam,
1341 1255 1649 1308 materiam
1689 1272 1814 1305 esse
1850 1254 2024 1309 docet
2060 1253 2122 1305 in
2163 1273 2278 1324 qua
2317 1262 2674 1307 exerceant‘

262 1347 265 1350 ·
350 1327 515 1383 su‘am
554 1325 860 1393 pietatem.
932 1321 1095 1373 Nihil
1135 1323 1288 1373 enim
1330 1322 1514 1391 magis
1559 1333 1646 1375 est
1684 1325 1955 1375 naturale
1994 1340 2167 1392 quam
2204 1321 2649 1393 ἀντιπελαργίατ

351 1413 537 1467 quare
579 1392 827 1445 minime
865 1407 1123 1461 aequum
1162 1401 1251 1444 est
1294 1407 1424 1442 eam
1470 1392 1541 1441 ab
1584 1391 1850 1444 Ecclesia
1902 1390 2201 1459 impediri.
2262 1394 2433 1460 prius
2487 1409 2645 1460 ergo

354 1470 852 1538 quamoneretur
883 1459 1178 1527 Ecclesia,
1231 1460 1453 1511 saciant
1490 1459 1588 1510 illi
1631 1479 1798 1513 suum
1841 1460 2129 1514 officium.
2202 1464 2512 1515 Hactenus
2543 1479 2651 1514 re·-

351 1534 471 1591 tuli
515 1529 653 1601 quid
697 1530 800 1581 alii
843 1528 1121 1583 sentiant.
1211 1528 1402 1580 Velim
1444 1538 1643 1582 tamen
1680 1525 1936 1584 lectores
1975 1530 2342 1598 expendere,
2396 1548 2470 1581 an
2517 1539 2651 1584 no‘n

353 1603 550 1683 aptior
576 1600 649 1651 sit
678 1598 996 1656 hocrmod‘o
1025 1597 1402 1648 cohaerentia
1422 1606 1444 1649 ε’
1484 1596 1740 1651 Discant
1765 1601 1856 1668 pie
1892 1617 1954 1650 se
1978 1598 2131 1651 domi
2163 1615 2377 1667 gerere
2398 1638 2414 1665 ,
2467 1599 2651 1668 quas}

355 1673 622 1736 diceret,
669 1666 787 1718 hoc
821 1667 969 1718 utile
998 1667 1131 1717 fore
1163 1666 1595 1733 rudimentum,
1648 1686 1765 1737 quo
1797 1687 1859 1721 se
1889 1669 1961 1720 ad
1984 1669 2208 1730 cultum
2236 1668 2349 1719 Dei
2376 1670 2652 1721 assuefa-

350 1742 546 1804 ‘ciant,
593 1737 644 1790 si
671 1734 833 1787 domi
863 1751 1005 1803 erga
1034 1734 1309 1801 suospiis
1341 1734 1554 1786 officiis
1579 1736 1918 1803 fungantur.
2001 1738 2228 1788 Natur‘a
2268 1731 2422 1790 enim
2463 1754 2652 1805 prae-

361 1810 538 1878 cipit,
588 1815 656 1859 ut
683 1815 956 1873 parentes
983 1813 1216 1854 nostros
1246 1804 1566 1856 secundum
1593 1807 1792 1858 Deum
1811 1807 2100 1858 colamus:
2157 1816 2221 1856 ut
2246 1806 2397 1857 haec
2424 1824 2652 1858 secun-

357 1875 525 1931 daria
564 1875 755 1943 pietas
793 1873 866 1924 ad
905 1873 1161 1940 primam
1198 1888 1308 1923 nos
1348 1874 1618 1925 deducat.
1703 1876 1852 1943 Quia
1884 1885 2083 1927 autem
2118 1874 2435 1943 religionis
2466 1892 2651 1944 prae-

357 1956 524 2018 textu
549 1944 677 2011 ipsa
705 1945 954 1994 naturae
977 1942 1107 1994 iura
1132 1940 1344 1992 violari
1375 1944 1657 1994 cernebat
1685 1944 1929 1997 Paulus:
1969 1951 2032 1996 ut
2059 1945 2173 1994 hoc
2203 1943 2415 1995 vitium
2448 1944 2652 1995 corri-

360 2023 552 2083 geret,
590 2013 905 2064 domestico
941 2010 1227 2061 tirocinio
1262 2012 1527 2062 exerceri
1557 2011 1733 2063 iussit
1762 2015 1964 2065 viduas
1992 2014 2062 2065 ad
2081 2015 2271 2068 Deum
2303 2012 2656 2065 colendum.

358 2087 550 2138 Porro
593 2081 839 2134 verbum
875 2076 1123 2148 εὖσὲβεῖν
1159 2080 1348 2134 active
1393 2096 1595 2131 omnes
1633 2083 1760 2132 fere
1804 2082 2137 2149 accipiunt,
2191 2082 2328 2148 quia
2362 2082 2654 2151 sequitur

360 2150 748 2205 accusativus.
800 2166 1005 2200 verum
1051 2148 1153 2200 illa
1190 2148 1345 2209 ratio
1390 2150 1586 2215 cogit,
1628 2150 1764 2219 quia
1797 2153 2040 2216 Graecis
2071 2152 2359 2202 familiare
2388 2160 2477 2202 est
2506 2152 2654 2202 sub-

360 2217 1134 2290 audirewpraepositionem.
1208 2215 1286 2268 Et
1313 2228 1460 2283 apte
1502 2219 1804 2271 contextui
1843 2221 2095 2288 quadrat
2136 2221 2279 2283 haec
2320 2219 2654 2286 expositio,

352 2300 431 2345 'ut
469 2290 757 2359 pietatem
797 2287 1112 2340 humanam
1149 2286 1396 2338 colendo
1432 2286 1581 2338 sein
1617 2288 1727 2338 Dei
1760 2289 1924 2340 cultu
1954 2295 2303 2340 exerceant:
2356 2304 2431 2350 ne
2456 2287 2655 2340 stulta

265 2398 274 2414 ,ι
365 2366 433 2413 et'
473 2356 786 2427 nugatoria
837 2355 1071 2408 devotio
1127 2361 1221 2422 (ut
1261 2355 1609 2423 loquuntur)
1669 2373 1764 2407 eas
1807 2357 2187 2408 humanitatis
2226 2373 2399 2409 sensu
2441 2366 2656 2410 exuat.

302 2447 303 2451 ¹
361 2430 552 2482 Porro
592 2423 802 2480 viduae
845 2433 1114 2477 mutuam
1155 2423 1341 2476 vicem
1383 2424 1505 2475 suis
1542 2424 1866 2479 maioribus
1892 2427 2216 2493 rependere
2242 2424 2504 2490 discunt,
2551 2435 2657 2477 so-

363 2499 561 2552 bolem
599 2497 672 2546 ab
697 2494 839 2546 lillis
876 2493 1253 2563 progenitam
1283 2493 1611 2545 educando.
1749 2494 1877 2545 Hoc
1903 2497 2053 2545 enim
2083 2494 2394 2559 acciepncm.
2468 2496 2656 2547 Mon-

338 2576 552 2643 'strum
595 2581 718 2615 esse
755 2562 1021 2615 ssatentur
1062 2579 1294 2627 omnes,
1348 2563 1536 2630 siquis
1566 2563 1870 2630 ingratum
1896 2582 1956 2615 se
1981 2562 2655 2630 maioribuspraebeat.

361 2637 428 2688 id
456 2634 817 2689 enim‘dictat
844 2649 1045 2683 sensus
1074 2640 1344 2683 naturae.
1372 2682 1375 2687 ⁴
1432 2631 1555 2682 Nec
1588 2633 1768 2685 modo,
1790 2631 2052 2701 ingenita
2079 2640 2168 2683 est
2199 2633 2471 2700 omnibus
2496 2632 2658 2685 haec

364 2701 667 2775 persuasio
687 2739 703 2768 ,
756 2700 1077 2753 secundum
1102 2698 1343 2768 pietatis
1374 2700 1620 2769 gradum
1650 2719 1771 2753 esse
1802 2706 2286 2769 ergaparentes:
2336 2700 2438 2751 sed
2477 2701 2655 2768 ipsae

365 2786 602 2845 quoque
631 2771 892 2825 ciconiae
922 2768 1353 2837 gratitudinem
1385 2784 1494 2821 suo
1524 2771 1796 2838 exemplo
1823 2787 1927 2821 nos
1954 2771 2187 2823 docent.
2256 2769 2424 2827 Unde
2450 2777 2510 2820 et
2541 2786 2658 2820 no-

363 2860 507 2895 men
531 2840 948 2911 dnaensJaQyCoe.
1017 2841 1234 2890 Verum
1268 2837 1476 2890 Paulus
1509 2855 1577 2889 eo
1603 2856 1721 2889 non
1749 2846 2061 2893 contentus
2089 2838 2251 2891 idem
2280 2856 2314 2890 a
2344 2840 2473 2893 Deo
2493 2856 2657 2910 ¹san·-

365 2911 548 2964 citum
587 2927 712 2961 esse
755 2906 1127 2975 pronuntiat,
1173 2917 1245 2957 ‘ac
1287 2908 1334 2958 si
1374 2907 1629 2960 diceret:
1682 2910 1814 2960 Non
1844 2917 1938 2959 est
1965 2907 2121 2976 quod
2151 2917 2328 2976 putet,
2351 2907 2655 2978 quispiam

363 2980 432 3035 id
454 2990 660 3039 natum
684 2990 819 3031 ‘esse
847 2994 919 3029 ex
945 2975 1254 3028 homiuum
1279 2975 1555 3049 opinione
1572 3013 1590 3043 ,
1625 2977 1728 3029 se'd
1754 2979 1916 3030 Deus
1947 2975 2033 3030 ita
2060 2975 2379 3029 ordinavit.

537 3121 597 3186 5.
645 3119 862 3184 Porro
891 3112 1060 3202 quae
1085 3106 1243 3184 ‘vere
1271 3116 1473 3184 vidua
1503 3124 1605 3184 est
1636 3139 1713 3184 ac
1742 3117 2077 3195 desolata,
2118 3113 2346 3206 sperat
2372 3123 2442 3182 in
2476 3119 2660 3199 Deo,

367 3218 438 3280 et
537 3216 868 3271 erseverat
901 3208 972 3266 in
1006 3206 1441 3285 'orationibus
1473 3215 1540 3269 et
1572 3205 2152 3270 obsecrationibus
2188 3215 2393 3268 noctu
2424 3216 2494 3268 et
2522 3207 2659 3269 die.

368 3297 431 3356 6.
549 3309 671 3353 uae
698 3288 924 3351 autern
949 3291 1023 3350 in
1055 3287 1314 3350 deliciis
1343 3302 1669 3365 versatur,
1698 3293 1925 3353 vivens
1955 3291 2216 3352 mortua
2245 3301 2365 3352 est.
2453 3293 2516 3353 7.
2565 3291 2662 3352 Et

368 3376 538 3441 haec
579 3366 932 3460 praecipe,
1004 3382 1081 3434 ut
1119 3373 1751 3458 irreprehensibiles
1794 3376 1978 3449 sint„
2063 3377 2124 3437 8.
2195 3373 2400 3456 Quod
2440 3377 2660 3459 siquis

370 3465 544 3536 suis,
597 3471 664 3523 et
693 3461 981 3519 maxime
1009 3455 1449 3523 familiaribus
1484 3476 1618 3522 non
1650 3458 1999 3546 providet,
2052 3457 2251 3541 fidem
2281 3463 2663 3546 abnegavit,

284 3586 311 3627 .‘
371 3559 445 3615 etr
469 3555 572 3608 est
602 3541 857 3605 infideli
886 3542 1201 3604 deterior.
1244 3574 1247 3579 .
1503 3566 1514 3571 ⁸
1547 3607 1552 3623 ‚
2161 3576 2163 3581 »
2195 3554 2214 3567 ²·

508 3661 560 3713 5.
652 3657 814 3726 Quae
841 3676 967 3709 vere
989 3658 1270 3711 viduant
1299 3676 1365 3708 ac
1392 3659 1675 3721 desolata.
1760 3659 2133 3728 Explicatius
2162 3676 2341 3729 quam
2369 3669 2543 3712 antea
2567 3661 2664 3713 lo-
2701 3670 2716 3679 ⁶

372 3729 611 3801 quitum
649 3727 788 3797 quia
818 3744 959 3779 vere
988 3744 1084 3778 eas
1111 3729 1347 3779 demum
1375 3727 1582 3781 viduas
1614 3746 1736 3784 esse
1764 3728 1975 3796 docet,
2015 3747 2164 3799 quae
2191 3729 2507 3781 solitariae
2534 3731 2664 3783 sint

373 3810 436 3850 et
479 3796 712 3849 familia
754 3796 1047 3869 orbatae.)
1092 3795 1362 3848 Talesin
1392 3798 1511 3847 Deo
1546 3815 1777 3863 sperare
1803 3797 1983 3853 dicitz
2030 3815 2157 3849 non
2185 3799 2340 3866 quod
2366 3816 2567 3850 omnes
2595 3795 2676 3851 id*

371 3866 631 3930 faciant,
679 3866 774 3916 vel
810 3862 987 3918 solae.
1075 3865 1396 3933 Plerasque
1441 3866 1603 3917 enim
1644 3867 1848 3917 viduas
1881 3870 2142 3927 'cernere
2184 3868 2336 3919 licet
2370 3868 2542 3919 orbas
2589 3887 2686 3921 ac-

374 3934 542 3988 omni
584 3933 941 4002 cognatione
975 3935 1284 3985 destitutas
1303 3968 1321 3999 ,
1371 3951 1520 4002 quae
1546 3943 1744 3992 tamen
1771 3943 1831 3986 et
1857 3937 2149 4002 superbae
2174 3947 2309 3988 sunt
2335 3947 2397 3989 et
2427 3947 2665 4004 proter-

374 4023 503 4069 vae,
541 4013 601 4054 et
628 4013 749 4054 tam
779 4004 980 4071 animo
1013 4019 1190 4070 quam
1216 4002 1336 4055 vita
1361 4019 1605 4068 prorsus
1628 4003 1868 4070 impiae.
1922 4007 1998 4057 Et
2026 4004 2126 4085 qui
2154 4006 2443 4073 progenie
2473 4007 2664 4057 abun-

317 4123 325 4131 ,
374 4075 551 4139 dant,
588 4089 711 4124 non
741 4071 1175 4139 impediuntur,
1228 4071 1532 4140 quominus
1562 4089 1731 4139 spem
1759 4073 2013 4127 habeant
2037 4092 2102 4124 1n
2132 4076 2263 4124 Deo
2283 4074 2622 4142 ‘repositam
2642 4092 2663 4127 ε

374 4151 445 4196 ut
485 4141 590 4195 Iob
616 4179 631 4205 ,
685 4148 744 4190 et
786 4140 1021 4209 Iacob,
1052 4149 1112 4191 et
1150 4139 1360 4192 David.
1465 4138 2065 4208 Alioquifmaledicta
2110 4155 2261 4195 esset
2303 4147 2660 4209 πολυτεκνία,

351 4227 554 4281 ,quam
595 4207 905 4276 Scriptura
949 4208 1165 4276 passim
1203 4209 1360 4260 inter
1406 4206 1655 4260 eximias
1700 4209 2311 4263 Dei.henedietiones
2362 4222 2661 4263 recenset.

309 4320 323 4331 f
375 4282 595 4332 Verum
626 4277 837 4328 Paulus
862 4278 977 4328 hoc
1006 4278 1138 4329 loco
1170 4276 1377 4328 viduas
1412 4275 1479 4327 in
1504 4279 1635 4329 Deo
1666 4295 1909 4345 sperare
1941 4279 2121 4348 dicit,
2161 4281 2664 4348 quemadmodum

374 4341 599 4418 prioris
625 4344 704 4397 ad
733 4345 1082 4398 Corinthios
1117 4345 1313 4413 capite
1340 4345 1394 4410 7,
1425 4344 1513 4398 32.
1533 4384 1550 4414 ,
1586 4347 1794 4400 scribit
1807 4367 1839 4408 ,¹
1877 4348 2135 4399 caelibes
2164 4359 2396 4402 tantum
2424 4350 2666 4401 studere

377 4425 448 4472 ut
473 4418 602 4481 Deo
627 4415 937 4491 placeant,
977 4413 1115 4485 quia
1151 4429 1271 4480 non
1310 4414 1429 4468 sint
1462 4414 1655 4470 instar
1691 4414 2147 4488 coniugatorum
2176 4418 2370 4487 dirisi.
2440 4419 2662 4475 Sensus
