2820 4895
736 259 873 323 Δι)
942 229 1522 365 annulinus
1594 258 1749 327 cst.
1798 266 1878 326 v.
2042 246 2051 257 “
2332 267 2453 331 421

125 442 286 482 ‘essa
324 440 574 496 munus,
625 426 784 498 quod
819 428 931 481 sibi
967 408 1246 481 homines
1285 427 1570 481 finxerint
1594 429 1821 500 'absque
1846 431 1964 486 Dei
1991 434 2288 487 mandato.
2363 436 2443 488 Ut

157 497 323 550 enim
349 495 467 549 Dei
495 496 809 565 proprium
839 507 932 549 est
961 497 1292 550 Ecclesiam
1321 514 1568 565 regere:
1622 499 1715 551 ita
1754 498 1866 551 sibi
1904 500 2023 554 uni·
2044 502 2163 555 hoe
2206 502 2436 569 asserit,

150 576 220 624 ιιι
254 568 499 619 modam
534 568 944 634 rationemque
977 565 1511 618 administrationis
1550 568 1939 635 praescribat.
2014 572 2179 624 Unde
2221 573 2439 643 consti<

149 643 258 687 tuo
278 672 296 701 ,
351 634 570 703 Papale
610 635 1012 687 sacerdotium
1045 634 1450 687 adulterinum
1488 652 1665 701 esse,
1702 636 1844 706 quia
1876 637 1938 690 in
1967 639 2273 692 hominum
2302 639 2436 692 offi-

83 758 86 765 ,
151 703 283 757 uina
317 702 686 756 fabricatum
727 712 831 757 est.
904 704 1208 770 Nusquam
1241 704 1410 755 iubet
1436 706 1627 768 Dens,
1666 715 1733 758 ut
1759 706 2046 760 sibi-nunc
2074 709 2434 765 sacrificium

142 772 443 825 offeratur
482 769 779 838 expiandis
821 771 1118 838 peccatis,
1149 788 1434 839 nusquam
1463 773 1731 838 mandat,
1768 782 1834 826 ut
1860 773 1925 825 in
1957 775 2116 827 hunc
2147 793 2316 829 usum
2343 777 2437 828 in-

107 836 116 853 ‘
149 840 861 892 stituantu'rsacerdotes.
935 839 1133 908 Quum
1170 855 1314 906 ergo
1355 856 1488 892 suos
1526 843 1867 894 sacerdotes
1899 843 2053 910 Papa
2095 845 2169 897 ad
2210 845 2435 901 sacrifi·

148 908 403 960 candum
455 907 806 978 inauguret,
862 924 975 975 pro
1024 905 1309 975 legitimis
1356 926 1481 961 esse
1530 908 1835 962 habendos
1877 908 2057 979 nega't
2096 913 2434 980 Apostolus,

151 977 272 1028 nisi
311 976 471 1028 forte
511 993 664 1027 novo
708 975 964 1044 quodam
1005 976 1323 1043 privilegio
1361 993 1540 1045 supra
1568 978 1873 1031 Christum
1902 997 1963 1031 se
1997 980 2277 1046 efferant,
2326 982 2433 1051 qui

150 1047 307 1098 ultro
350 1044 649 1113 suscipere
686 1044 972 1096 honorem
1011 1060 1336 1099 aususnon
1379 1054 1502 1108 est,
1541 1047 1641 1097 sed
1673 1048 1865 1099 Patris
1896 1065 2101 1102 vocem
2133 1055 2435 1115 exspecta-

148 1114 257 1165 vit.
344 1114 476 1164 Hoc
503 1129 733 1182 quoque
766 1113 832 1163 in
864 1112 1128 1180 personis
1149 1113 1354 1173 valere
1382 1114 1590 1179 debet,
1641 1132 1717 1167 ne
1747 1117 1857 1167 sibi
1887 1116 2136 1187 quisque
2168 1118 2431 1184 privatus

145 1183 444 1237 honorem
485 1183 767 1250 arripiat,
821 1180 925 1232 sed
955 1183 1366 1249 ut;praeeedat
1394 1182 1632 1248 publiea
1661 1185 2007 1237 auctoritas.
2044 1229 2051 1237 .
2094 1184 2334 1255 Loquor
2360 1186 2433 1237 de

148 1251 369 1304 officiis
408 1249 632 1320 alioqui
672 1249 947 1303 divinitus
975 1249 1299 1303 'ordinatim
1374 1250 1731 1321 Quanquamt
1761 1252 1896 1309 fieri
1929 1252 2235 1308 interdum
2264 1264 2437 1321 pote-

145 1321 265 1389 rit,
303 1329 403 1386 ut,
443 1321 544 1389 qui
574 1321 767 1383 aDeo,
787 1334 910 1371 non
940 1318 1054 1369 erit
1080 1329 1356 1384 vocatus,
1395 1321 1472 1372 sit
1494 1330 1692 1385 tamen
1720 1322 2092 1389 tolerandus,
2128 1333 2433 1393 utcunque

147 1389 347 1442 minus
371 1389 698 1457 probetur,
727 1387 914 1449 'modo
943 1394 1216 1439 sanctum
1246 1398 1303 1439 et
1328 1389 1459 1440 Deo
1491 1390 1805 1458 probatum
1832 1382 1916 1442 sit'
1940 1396 2168 1444 munus.
2244 1388 2430 1444 Multi

150 1458 306 1510 enim
347 1473 522 1525 saepe
565 1467 669 1509 aut
704 1452 1058 1521 ambitione,
1107 1464 1211 1507 aut
1238 1458 1408 1513 malis
1436 1459 1658 1511 artibus
1683 1459 2014 1527 obrepunt,
2050 1459 2262 1530 quibus
2289 1476 2431 1512 suae

139 1527 484 1580 *vocationis
521 1527 671 1578 ratio
711 1526 959 1577 minime
1001 1528 1263 1590 constan
1324 1543 1521 1596 neque
1561 1537 1763 1579 tamen
1803 1528 2073 1596 protinus
2112 1528 2431 1593 reficiendi

149 1604 322 1649 eruut
339 1633 361 1662 ,
396 1594 752 1663 praesertim
775 1595 880 1651 uhi
908 1594 968 1645 id
995 1593 1232 1660 publico
1260 1595 1559 1648 Ecclesiae
1586 1596 1809 1653 iudicio
1833 1595 1967 1649 sieri
1991 1598 2067 1648 iic
2113 1597 2222 1650 uita
2298 1599 2429 1651 Iam

149 1664 416 1717 ducentis
446 1674 583 1716 ante
613 1662 1180 1719 adventunChristi
1199 1663 1369 1715 annis
1399 1663 1778 1717 foedissimae
1809 1675 2091 1734 corrupte
2123 1683 2191 1717 ae
2214 1681 2430 1735 regna·

147 1734 357 1785 v'erant
393 1732 457 1784 in
496 1728 842 1812 occupando
888 1730 1254 1794 sacerdotio;
1312 1731 1372 1784 in
1409 1732 1540 1800 ipso
1581 1742 1779 1786 tamen
1825 1734 2026 1786 officio
2055 1734 2151 1788 ius
2179 1733 2425 1786 honoris
2504 1730 2513 1735 ¹

145 1803 432 1855 manebat*
452 1819 521 1853 ex
550 1803 666 1853 Dei
702 1800 1050 1867 vocatione,
1086 1800 1363 1853 homines
1389 1800 1537 1868 ipsi,
1578 1803 1719 1875 quia
1752 1808 2032 1873 oppressa
2064 1812 2193 1855 erat
2222 1802 2427 1855 Eccle-

148 1871 277 1924 siae
315 1872 590 1935 libertas,
641 1870 1069 1922 tolerabantur.
1157 1870 1323 1921 Unde
1355 1879 1610 1939 apparet
1637 1886 1935 1925 summum
1964 1872 2266 1925 defectum
2296 1882 2427 1924 esse

144 1940 207 1992 in
248 1941 378 2008 ipso
416 1956 635 2010 genere
674 1938 900 2003 officii,
946 1954 1126 2005 quum
1161 1937 1399 1990 scilicet
1436 1939 1970 1994 comminiscuntur
1996 1958 2030 1993 a
2057 1940 2292 2008 seipsis
2318 1939 2423 1991 ho·

148 2007 339 2060 mines
359 2046 373 2074 ,
415 2009 573 2077 quod
599 2023 890 2076 nusquam
920 2007 1080 2058 Deua
1109 2009 1434 2074 praecepit.
1521 2010 1655 2078 Quo
1688 2008 2134 2062 minunferendi
2165 2017 2306 2061 sunt
2331 2023 2420 2060 sa-

149 2076 340 2130 crifici
367 2079 804 2140 Romanensem,
852 2076 958 2145 qui
994 2073 1146 2129 nihil
1184 2091 1363 2142 quam
1399 2092 1540 2128 suos
1573 2075 1789 2128 titulos
1818 2088 2096 2146 crepant,
2129 2086 2196 2131 ut
2223 2092 2422 2129 sacro·

148 2146 346 2200 sancti
366 2146 697 2198 habeantur
713 2181 730 2211 ,
770 2158 949 2213 quum
973 2151 1170 2197 tamen
1194 2161 1256 2196 se
1283 2143 1398 2213 ipsi
1426 2145 1688 2213 legerint
1718 2147 1848 2198 Deo
1870 2146 2229 2200 inconsulto.

107 2276 125 2291 x
177 2262 188 2281 κ
285 2230 338 2282 5.
414 2228 606 2280 Filius
632 2240 787 2280 meus
819 2246 878 2280 es
909 2241 992 2281 m.
1017 2244 1022 2249 ·
1074 2228 1271 2279 videri
1301 2237 1505 2295 posset
1534 2231 1713 2298 longe
1739 2224 1991 2299 petitum
2016 2230 2134 2281 hoc
2158 2227 2426 2281 testimo·

148 2300 336 2363 nium,
376 2306 567 2367 neque
593 2298 750 2349 enim
777 2297 824 2350 si
850 2315 882 2348 a
902 2298 1220 2349 DeoPatre
1248 2297 1480 2366 genitus
1509 2298 1622 2353 fuit
1635 2299 1934 2363 Christus,
1977 2297 2113 2351 ideo
2143 2307 2204 2350 et
2222 2299 2425 2350 Sacer-'-

146 2369 250 2419 dos
280 2368 613 2431 ordinatus3
655 2383 860 2419 verum
885 2367 931 2417 si
957 2375 1324 2433 reputamus,
1362 2367 1433 2417 ad
1458 2364 1602 2436 quid
1627 2369 1923 2420 revelatus
1949 2365 2136 2419 fuerit
2152 2366 2421 2420 Christus

148 2436 402 2490 mundo:
451 2436 634 2489 facile
666 2435 992 2501 constabit,
1035 2434 1128 2486 illi
1159 2434 1505 2510 qualitatem
1534 2436 1688 2488 hanc
1717 2435 2050 2489 necessario
2081 2433 2419 2492 convenias.

147 2508 350 2558 Primo
382 2505 580 2558 tamen
609 2504 896 2558 memoria
929 2503 1319 2573 repetendum
1350 2511 1469 2571 est,
1515 2506 1669 2574 quod
1703 2506 1894 2572 primo
1925 2507 2117 2574 capite
2149 2504 2421 2572 diximus,

145 2576 303 2627 hanc
346 2574 571 2628 Christi
652 2576 974 2636 enituram,
1024 2573 1095 2625 de
1132 2589 1247 2642 qua
1284 2574 1549 2626 Psalmus
1588 2574 1895 2643 loquitur,
1938 2573 2120 2627 fuisse
2154 2571 2449 2627 test-imo:

148 2644 368 2710 nium,
407 2642 562 2713 quod
601 2593 694 2694 illi
728 2644 905 2694 Pater
942 2642 1193 2694 reddidit
1227 2642 1383 2709 apud
1424 2644 1741 2702 homines.»
1791 2645 1997 2712 Itaque
2032 2659 2153 2695 non
2194 2650 2282 2694 est
2319 2642 2425 2694 hio

147 2724 354 2765 mutua
389 2712 553 2765 inter
578 2713 814 2764 Patrem
852 2719 912 2762 et
942 2710 1164 2763 Filium
1197 2712 1451 2774 relatio;
1500 2713 1601 2765 sed
1639 2711 1838 2780 potius
1881 2711 2188 2764 hominum
2228 2725 2426 2778 respe-

149 2791 280 2833 ctus
304 2781 591 2847 habetur,
625 2780 795 2849 'apud
824 2795 967 2849 quos
995 2778 1329 2832 illustratus
1359 2790 1468 2835 est.
1548 2783 1722 2831 Nunc
1748 2780 2177 2849 qualemnobis
2205 2777 2429 2831 Filium

149 2847 558 2903 manifestavit
597 2849 802 2902 Deus?
854 2864 927 2904 an
965 2848 1131 2900 nullo
1176 2847 1439 2916 honore,
1489 2849 1831 2918 nullamque
1870 2849 2169 2912 facultate
2193 2848 2429 2917 praedi-

150 2918 321 2970 tum?
357 2919 478 2970 imo
507 2927 575 2970 ut
599 2918 760 2970 inter
783 2933 845 2969 se
876 2926 940 2982 et·
959 2913 1238 2969 homines
1263 2916 1556 2971 mediator
1587 2927 1758 2970 esset.
1841 2919 2004 2988 Ergo
2032 2916 2427 2972 sacerdotium

125 3005 128 3014 ·
156 2987 420 3040 continet
445 2987 743 3056 genitura.

286 3070 341 3129 6.
418 3065 902 3137 Quemadmodum
934 3083 987 3122 st
1018 3071 1185 3123 alibi.
1270 3071 1381 3123 Hic
1410 3070 1626 3123 clarius
1658 3070 2049 3140 exprimitur,
2098 3069 2248 3140 quod
2276 3071 2429 3136 Apo-

150 3138 340 3193 stolus
378 3139 655 3194 intendit.
738 3141 934 3192 Locus
979 3152 1066 3192 est
1111 3140 1395 3205 celebris,
1444 3151 1503 3191 et
1527 3149 1684 3193 totus
1715 3141 1893 3193 etiam
1926 3142 2227 3205 Psalmu‘s,
2275 3137 2429 3190 unde

151 3219 419 3276 sumptus
448 3219 571 3275 est,
621 3206 761 3278 quia
789 3208 885 3261 vix
916 3208 1077 3262 aliud
1109 3215 1301 3261 exstat
1330 3209 1696 3262 luculentius
1720 3209 2047 3266 vaticinam
2078 3209 2150 3262 de
2183 3215 2430 3259 aeterno

152 3276 383 3340 Christi
411 3283 536 3330 tam
562 3277 923 3344 sacerdotio,
965 3295 1143 3348 quam
1171 3294 1376 3345 regno.
1412 3339 1415 3340 ⁷
1462 3278 1537 3329 Et
1565 3287 1775 3346 tamen,
1795 3279 1996 3330 Iudaei
2024 3276 2210 3331 modis
2241 3275 2430 3327 omni·

152 3347 264 3406 bus
304 3345 571 3399 cavillari
608 3347 868 3411 student,
911 3357 979 3400 ut
1009 3348 1330 3399 obscurent
1355 3344 1578 3398 Christi
1609 3347 1897 3414 gloriam;
1951 3348 2052 3400 sed
2081 3346 2224 3397 nihil
2249 3342 2430 3413 profi·

153 3415 338 3469 ciunt.
416 3415 566 3480 Nam
595 3414 753 3485 quod
782 3417 853 3466 ad
885 3416 1171 3468 Davidem
1200 3416 1479 3479 trahunt,
1533 3415 1702 3483 quasi
1733 3417 1780 3468 is
1808 3416 1915 3483 sit,
1965 3432 2139 3485 quem
2160 3416 2328 3470 ,Deus
2348 3403 2432 3465 ‘ad

61 3511 64 3514 ·
153 3484 459 3535 dexteram
495 3501 660 3536 suam
696 3484 904 3537 sedere
933 3484 1171 3546 iubeat:
1218 3485 1395 3540 nimis
1425 3497 1659 3535 crassae
1686 3484 2081 3553 impudentiae
2111 3491 2220 3534 est.
2306 3479 2432 3531 Sci·

154 3570 286 3605 mus
326 3551 492 3604 nefas
533 3554 716 3606 fuisse
743 3553 1004 3621 Regibus
1036 3554 1446 3624 ³sacerdotium
1484 3554 1806 3620 attingere.
1880 3556 2080 3623 Quare
2110 3551 2276 3604 Usias
2312 3548 2430 3600 hoc
2520 3603 2523 3610 f

156 3621 286 3674 solo
318 3620 576 3674 crimine
596 3659 614 3687 ‚
663 3622 825 3691 quod
851 3640 912 3674 se
939 3621 1263 3674 immiscuit
1293 3622 1356 3673 in
1385 3620 1647 3676 alienum
1675 3638 1920 3690 munus,
1970 3623 2121 3673 iram
2147 3618 2264 3672 Dei
2294 3633 2432 3686 pro-

89 3730 96 3734 ·
154 3691 427 3756 vocavit,
479 3699 547 3743 ut
583 3691 755 3762 lepra
798 3701 1219 3759 percuteretur
1254 3693 1356 3756 (11.
1383 3691 1571 3741 Paral.
1594 3691 1683 3756 26,
1715 3691 1840 3756 18.).
1914 3691 2164 3743 Proinde
2201 3694 2433 3739 certum

156 3768 283 3826 est,
331 3775 524 3828 neque
552 3758 870 3826 Davidem,
921 3775 1113 3829 neque
1152 3758 1335 3812 alium
1377 3763 1718 3830 quempiam
1756 3778 1825 3813 ex
1851 3760 2113 3828 Regibus
2146 3756 2248 3808 hic
2283 3753 2435 3807 desi·

155 3842 356 3914 gnarh
438 3842 502 3896 si
540 3842 877 3912 excipiant,
921 3847 1117 3893 0³:³¹³:
1158 3843 1464 3897 interdum
1504 3845 1706 3897 vocari
1747 3844 2086 3912 principem
2140 3842 2338 3894 fateor
2373 3837 2434 3889 id

157 3910 433 3980 quidem,
480 3912 583 3963 sed
607 3928 762 3979 nego
792 3914 1088 3981 praesenti
1112 3914 1249 3966 loco
1278 3911 1588 3982 quadrare.
1671 3913 2051 3981 Comparatio
2080 3912 2238 3963 enim
2271 3905 2433 3970 nihil

157 3980 570 4048 ambiguitatis
595 3982 899 4051 relinquit„
971 3981 1368 4034 Melchisedec
1397 3983 1678 4036 Sacerdos
1705 3982 1826 4034 fuit
1847 3980 1982 4036 Dei.
2055 3979 2321 4032 Psalmus
2346 3986 2435 4028 te·

125 4074 391 4130 ‘etatum
454 4064 615 4117 huuc
652 4065 912 4134 Regem,
975 4082 1149 4134 quem
1188 4068 1251 4119 in
1290 4067 1532 4119 dextera
1574 4067 1687 4122 Dei
1725 4064 2078 4130 collocavit,
2140 4063 2273 4114 for-e
2336 4059 2455 4107 5¹³2·

158 4135 468 4187 secundum
511 4134 767 4185 ordinem
809 4135 1218 4195 Melchisedec.
1287 4136 1440 4208 ,Quis
1481 4154 1601 4188 non
1640 4136 1803 4189 ridet
1841 4135 1910 4187 de
1946 4129 2280 4186 sacerdotio
2367 4143 2443 4179 oc

155 4203 379 4255 debere
421 4201 725 4271 intelligi?
812 4204 966 4255 Nam
1007 4204 1147 4272 quia
1186 4222 1387 4259 rarum
1431 4216 1493 4257 et
1538 4222 1722 4275 prope
1760 4195 2060 4274 singulare
2102 4197 2441 4276 exemplum

121 4293 124 4296 ¹
161 4275 325 4337 etat,
365 4280 433 4324 ιιι
457 4271 620 4323 idem
649 4271 780 4325 Rex
816 4281 973 4338 esset
1010 4290 1078 4323 ac
1107 4274 1429 4341 Sacerdos,
1479 4276 1692 4328 saltem
1714 4274 1772 4324 in
1799 4272 2025 4342 populo
2055 4269 2168 4323 Dei
2194 4274 2441 4345 erat-ln-

160 4341 491 4393 usitatumz
536 4338 673 4393 ideo
701 4340 1105 4394 Melchisedec
1131 4342 1415 4412 proponit
1441 4344 1700 4397 Messiae
1729 4342 2064 4410 exemplar,
2108 4353 2177 4390 ac
2203 4334 2257 4388 si
2281 4333 2446 4385 dice-

161 4418 295 4466 rotz
347 4411 490 4465 Non
510 4407 654 4464 iore·
671 4409 1108 4480 impedimento
1128 4416 1359 4484 regiam
1383 4413 1778 4487 dignitatem„
1818 4407 2137 4484 quominus
2176 4401 2451 4457 sacerdo-
