2820 4895
668 226 904 359 §An
973 214 1519 347 nenas-‚103
1586 277 1747 350 cn.
1796 280 1879 348 v,
2237 350 2242 359 ἃ
2375 282 2476 350 σε

153 452 230 508 in
275 449 399 506 hoc
428 448 722 522 Baptismi
763 451 957 521 elogio
992 444 1597 522 magis¹extenuando
1625 450 1878 519 sedant,
1909 449 2189 522 nesigno
2213 436 2474 507 nimiam

150 524 500 582 tribuatur,
555 522 604 573 si
647 531 893 577 vocetur
929 521 1548 575 animaedavacrumz
1598 536 1917 591 perperam
1966 523 2222 589 faeiunt.
2314 523 2471 581 Nam
2513 550 2514 553 =

201 592 433 645 rimum
466 591 778 659 Apostolus
806 606 924 642 non
951 590 1129 642 docet
1154 591 1390 657 signum
1422 597 1594 653 etse,
1651 589 1812 660 quod
1850 591 2128 657 mundet,
2149 590 2155 598 '
2180 590 2284 645 aad
2316 605 2475 644 assa·-

196 661 243 713 ‘t
270 662 460 713 solius
485 659 594 711 Dei
626 676 749 712 esse
779 675 967 727 opus..
1029 659 1135 710 Est
1165 674 1307 729 ergo
1335 659 1497 711 Deus
1530 657 1630 728 qui
1666 659 1946 713 mundat:
1998 677 2112 720 nec
2153 657 2473 713 transferri

150 731 278 782 hoc
307 728 561 781 honoris
592 728 660 780 ad
691 726 931 796 signum
957 728 1045 779 fa's
1075 735 1203 807 est,
1253 735 1356 778 aut
1384 727 1556 794 signo
1588 728 2040 783 communicari.
2131 732 2352 782 Verum
2389 726 2475 781 si·

200 817 278 850 no
311 800 514 850 Deum
544 807 825 866 tanquam
853 812 1078 864 organo
1111 806 1231 862 uti,
1284 812 1405 849 non
1439 806 1529 847 est
1554 797 1907 861 absurdum3
1964 814 2082 849 non
2191 797 2252 849 ia
2278 797 2472 852 virtut

150 816 277 921 {ei
326 867 561 918 inclusa
601 866 678 917 sit
720 867 787 917 in
825 865 1035 929 signo,
1085 864 1190 917 sed
1218 866 1359 933 quia
1390 866 1563 916 nobis
1592 882 1722 919 eam
1751 882 1861 932 pro
1892 866 2112 920 imbeci
2144 866 2333 921 litatis
2359 882 2473 919 no·

154 945 326 989 atrae
360 948 543 1003 captu
569 934 675 987 tali
709 934 1070 987 adminiculo
1104 933 1446 1003 distribuat.
1479 934 1562 986 ‘id
1584 936 1867 1003 quosdam
1893 936 2052 992 male
2075 936 2289 1001 habet,
2324 935 2472 1005 quia

202 1014 379 1058 utant
410 1001 673 1071 Spiritui
688 1012 894 1056 sancto
928 1001 1189 1067 auferri,
1243 1002 1400 1070 quod
1432 1011 1519 1054 est
1547 1004 1673 1073 eiu-s
1706 1004 2048 1073 proprium,
2087 1012 2161 1069 ,et
2191 1006 2344 1074 qu‘od
2374 1003 2471 1058 illi

84 1085 99 1115 ⁸
157 1023 480 1143 {criptura
505 1071 726 1141 passim
755 1070 1035 1137 vindicat.
1109 1071 1227 1124 Sed·
1245 1070 1574 1124 falluntur:
1623 1088 1758 1124 nam
1779 1072 1873 1135 ¹ita
1904 1074 2063 1125 Deus
2079 1072 2470 1142 ‘pei-‘signum

162 1144 325 1212 agit,
378 1151 446 1193 ut
481 1152 610 1192 tota
637 1140 796 1208 signi
830 1139 1103 1192 efficacia
1127 1139 1508 1193 nihilominus
1540 1157 1573 1191 a
1599 1139 1830 1206 Spiritu
1867 1152 1972 1193 sao
2012 1143 2287 1210 pendeat.
2343 1143 2470 1197 .1ta

161 1212 319 1267 nibil
346 1211 477 1278 plus
506 1212 671 1278 signo
702 1209 1033 1275 tribuitur,
1082 1226 1256 1278 quam
1283 1221 1348 1262 ut
1371 1208 2052 1277 sitinferiua-organum
2071 1245 2088 1274 ,
2138 1209 2469 1281 etquidem

170 1297 215 1349 a·
236 1298 299 1334 se
343 1280 480 1347 ipso
521 1278 771 1341 inutile,
823 1278 937 1330 nisi
1014 1286 1258 1330 uatenus
1288 1278 1524 1329 aliunde
1550 1277 1666 1330 vim
1693 1294 1859 1332 suam
1889 1289 2218 1333 mutuatur.
2292 1279 2469 1350 Quod

176 1359 481 1417 praeterea
505 1358 795 1401 verentur
814 1383 832 1412 ,
874 1364 951 1398 ne
970 1295 1222 1399 libertas
1251 1345 1364 1397 Dei
1391 1345 1475 1398 sit
1505 1347 1748 1414 alligata
1768 1386 1786 1414 ,
1835 1347 2117 1401 frivolum
2154 1356 2265 1401 est.
2347 1350 2471 1402 Ne-

181 1435 282 1487 que
327 1419 492 1469 enim
541 1417 720 1469 affixa
759 1423 849 1467 est
888 1416 1064 1487 signis
1097 1416 1209 1467 Dei
1239 1417 1467 1484 gratia,
1507 1415 1649 1486 quin
1676 1418 1827 1468 citra
1852 1417 2274 1470 adminiculum
2303 1409 2474 1486 signi

173 1487 363 1539 libere
405 1504 540 1539 eam
580 1484 933 1550 distribuat,
974 1485 1025 1536 si
1063 1484 1228 1537 velit.
1282 1482 1493 1536 deinde
1522 1485 1699 1536 multi
1723 1486 1954 1553 signum
1986 1487 2324 1556 recipiunt,
2361 1485 2470 1556 qui

169 1565 373 1610 tamen
414 1556 651 1625 gratiae
692 1571 815 1606 non
851 1554 1006 1606 fiunt
1045 1551 1397 1621 participes,
1451 1553 1587 1621 quia
1616 1554 1853 1620 signzum
1883 1554 2275 1610 omnibusest
2301 1570 2469 1611 com-

156 1641 382 1693 mune,
434 1626 553 1679 hoc
581 1632 670 1676 est
695 1622 872 1675 bonis
904 1621 1316 1677 indifferenter
1345 1638 1417 1673 ae
1453 1623 1656 1689 malis,
1702 1623 1960 1692 Spiritus
1990 1635 2193 1679 autem
2223 1623 2468 1695 nflnnisi

162 1694 383 1747 electis
412 1693 741 1746 confertur.
797 1691 966 1761 atqui
997 1691 1233 1759 signum
1253 1728 1270 1756 ,
1323 1699 1391 1742 ut
1424 1690 1672 1743 diximus
1691 1728 1708 1757 ,
1749 1682 1968 1760 absque
1996 1691 2224 1760 Spiritu
2242 1687 2344 1757 ,est
2370 1694 2469 1757 in,-

163 1763 410 1817 efficax.
497 1759 891 1829 Participium
931 1760 1225 1812 Graecum
1274 1765 1588 1829 καθαρίσας
1640 1772 1729 1812 est
1779 1761 2093 1828 praeteriti
2147 1762 2463 1831 temporit,

159 1848 236 1885 ac
276 1831 332 1883 si
377 1831 572 1883 dieas:
628 1831 944 1899 Postquam
975 1827 1294 1882 mundavit.
1368 1831 1586 1882 Verum
1618 1828 1752 1898 quia
1779 1831 1933 1897 apud
1964 1826 2199 1883 Latin'os
2228 1831 2465 1893 nullum

156 1910 258 1954 est
297 1900 422 1952 tale
463 1898 852 1967 participium
888 1894 1184 1964 activum,
1235 1896 1419 1950 malui
1464 1908 1695 1966 tempus
1738 1896 2294 1969 negligerefquafm
2330 1918 2468 1955 ver-

157 1970 355 2022 tendo
372 1969 1091 2036 Mundatampervertere
1113 1967 1268 2035 quod
1293 1977 1422 2030 erat
1443 1966 1621 2035 longe
1643 1965 1881 2018 maioris
1904 1968 2218 2034 momenti,
2245 1984 2465 2038 nempe

156 2049 235 2092 ut
261 2037 927 2106 soliDeoArelinquatur
953 2035 1272 2088 mundandi
1305 2035 1593 2089 officium.
1731 2035 1805 2088 In
1832 2039 2011 2090 verbo.
2087 2038 2315 2092 Additio
2350 2039 2467 2091 mi-

155 2108 333 2161 nime
364 2112 744 2175 supervacua.
798 2121 935 2156 nam
969 2105 1156 2156 Verbo
1184 2104 1420 2157 sublato
1446 2104 1609 2175 perit
1638 2110 1766 2157 tota
1801 2104 1887 2155 vis
1919 2106 2462 2173 Sacramentorum.
2543 2100 2548 2107 ’

211 2177 318 2229 uid
358 2176 509 2228 enim
552 2175 710 2228 aliud
752 2184 885 2228 sunt
914 2174 1329 2238 Sacramenta,
1381 2190 1555 2242 quam
1595 2171 1756 2226 verbi
1796 2171 2036 2243 sigilla?
2112 2169 2302 2246 Atque
2344 2190 2465 2233 una

208 2262 322 2298 aec
365 2244 760 2311 consideratio
806 2242 1139 2311 quamlibet
1178 2242 1674 2310 superstitionem
1714 2243 1888 2295 nobis
1930 2244 2218 2297 excutiet.
2291 2245 2464 2301 Unde

155 2316 335 2368 enim
374 2311 474 2378 fit,
524 2320 590 2365 ut
626 2310 691 2364 in
729 2310 777 2365 si
824 2309 914 2363 nis
950 2312 1371 2379 obstupescant
1415 2311 1851 2377 superstitiosi,
1908 2313 2018 2364 nisi
2098 2311 2194 2367 uia
2222 2308 2461 2373 mantea

151 2401 293 2438 non
335 2382 648 2434 advertunt
686 2383 758 2434 ad
840 2381 1085 2447 erbum,
1131 2379 1288 2450 quod
1312 2396 1417 2432 eos
1448 2380 1519 2432 ad
1546 2382 1738 2435 Deum
1763 2332 2091 2451 dirigeret}
2168 2380 2319 2443 Sane
2355 2382 2464 2438 ubi

153 2455 290 2507 alio
337 2451 680 2521 respicimus
702 2488 727 2519 ,,
771 2455 947 2520 quam
982 2451 1054 2502 ad
1086 2451 1378 2517 Verbum,
1428 2447 1580 2503 nihil
1599 2449 1766 2518 'sani,
1802 2449 1959 2503 nihil
1990 2451 2154 2520 puri3
2206 2452 2308 2505 sed
2335 2453 2490 2516 alia,

155 2540 241 2577 ex
273 2520 412 2578 aliis
437 2521 649 2580 deliria
673 2529 995 2573 nascuntur
1025 2528 1084 2569 et
1113 2521 1373 2587 tandem,
1420 2535 1569 2589 quae
1585 2519 1696 2572 Dei
1726 2519 2081 2573 auctoritate
2112 2525 2463 2588 consecrata

152 2593 233 2645 in
257 2590 571 2643 hominum
600 2588 850 2640 salutem
881 2588 1121 2640 fuerant
1149 2587 1318 2656 signa
1337 2626 1351 2654 ,
1432 2588 1853 2655 rofanescunt,
1900 2607 1968 2641 ac
1999 2590 2364 2660 degenerant
2392 2590 2461 2658 in

155 2674 395 2716 crassas
422 2657 794 2711 idololatrias
821 2657 1081 2726 adeoque
1111 2656 1239 2708 solo
1270 2660 1381 2709 Ver
1429 2665 1472 2708 o·
1492 2657 1779 2709 differunt
1809 2656 2046 2726 piorum
2073 2660 2458 2716 'Sacramenta

151 2732 239 2786 ab
272 2726 548 2780 omnibus
575 2725 910 2778 infidelium
942 2724 1261 2792 figmentis.
1335 2727 1522 2778 Porro
1555 2727 1810 2779 Verbum
1856 2728 2310 2795 promissionem
2352 2725 2460 2783 hio

151 2795 508 2868 significat,
550 2812 665 2876 qua
697 2794 782 2846 vis
811 2805 875 2846 et
900 2811 1035 2847 usus
1063 2793 1215 2862 signi
1246 2794 1595 2862 explicatur.
1639 2797 1793 2848 unde
1821 2807 2100 2863 apparet,
2139 2798 2367 2854 nullam
2392 2799 2461 2853 in

150 2871 397 2935 Papatu
422 2864 752 2934 legitimam
780 2880 906 2914 esse
928 2861 1234 2931 signorum
1266 2864 1760 2932 observationem.
1849 2867 1997 2917 Nam
2027 2866 2285 2918 Verbum
2326 2868 2462 2936 qui-

150 2940 299 2992 dem
346 2950 411 2986 se
439 2932 668 2987 habere
707 2930 966 2997 iactant,
1015 2931 1115 2982 sed
1159 2932 1325 3000 quod*
1353 2934 1430 2985 sit
1464 2931 1891 3000 incantationis
1934 2933 2096 3001 vice,
2134 2934 2460 3005 quiaillud

146 3005 387 3072 lingua
411 3001 715 3071 incognita
744 3002 1194 3053 demurmurant
1212 3037 1229 3066 ,
1280 3010 1340 3052 et
1366 3003 1451 3052 ita
1476 3001 1641 3069 quasi
1671 3013 1909 3054 mortuo
1936 3003 2229 3055 elemento
2256 3006 2462 3073 potius

147 3090 354 3146 quam
380 3070 715 3124 hominibus
748 3068 1105 3122 destinatum
1134 3069 1312 3122 foret.
1387 3070 1564 3120 Nulla
1592 3070 1857 3136 mysterii
1892 3071 2212 3139 explicatio
2246 3073 2320 3127 ad
2347 3085 2463 3144 po-

145 3143 413 3216 pulum,
451 3156 600 3209 quae
629 3137 753 3190 sola
779 3138 977 3204 facit,
1002 3145 1069 3190 ut
1092 3147 1394 3191 mortuum
1421 3138 1788 3192 elementum
1816 3138 2067 3210 incipiat
2100 3158 2223 3194 esse
2249 3143 2459 3200 Sacra-

146 3223 457 3267 mentum.
523 3207 598 3260 In
625 3208 793 3259 verbo
826 3216 1055 3259 tantum
1088 3206 1250 3258 valet
1282 3215 1461 3275 atque
1491 3208 1603 3258 Per
1630 3210 1890 3263 verbum.
1917 3207 1924 3212 ⁸
2426 3237 2430 3242 v

301 3277 394 3331 27.
463 3277 709 3332 St‘steret
743 3293 873 3328 eam
912 3276 1022 3327 sibi
1046 3278 1379 3341 gloriosam.
1462 3277 1665 3328 Finem
1695 3276 1984 3345 Baptismi
2026 3287 2100 3332 et·
2129 3277 2461 3336 ablutionis

144 3358 409 3403 nostrae
435 3346 732 3398 declarat:
793 3354 856 3398 ut
881 3354 1084 3396 sancte
1115 3356 1174 3397 et
1199 3344 1503 3413 inculpate
1530 3346 1656 3397 Deo
1690 3348 1967 3400 vivamus.
2056 3349 2265 3418 Neque
2299 3348 2459 3405 e'nin'l
2503 3343 2506 3350 ’

145 3419 303 3472 ideo
339 3432 445 3467 nos
473 3423 685 3483 purgat
709 3413 978 3465 Christus
998 3450 1016 3479 ,
1068 3423 1132 3465 ut
1162 3414 1434 3481 protinus
1460 3414 1844 3469 revoluamur
1867 3416 1929 3468 in
1956 3427 2192 3469 nostras
2228 3420 2455 3489 sordes,

144 3487 265 3542 aed
310 3494 379 3536 ut
416 3492 543 3536 tota
586 3484 710 3534 vita
747 3482 1070 3550 puritatem
1097 3482 1459 3535 retineamus
1486 3482 1670 3535 semel
1702 3485 1772 3535 ab
1805 3473 1929 3553 ipso
1960 3497 2281 3553 acceptam.
2355 3491 2460 3542 At-

149 3572 281 3628 que
307 3555 462 3606 hanc
488 3550 731 3621 quidem
758 3552 1016 3619 primum
1041 3551 1148 3602 sub
1178 3552 1372 3616 figura
1402 3551 1709 3617 describit,
1749 3570 1902 3622 quae
1929 3561 2283 3622 argumento
2311 3572 2458 3609 con-

145 3621 457 3679 veniebat.
533 3619 610 3670 Ut
647 3620 720 3671 sit
751 3619 1030 3686 speciosa,
1081 3619 1142 3670 in
1187 3621 1296 3673 uit.
1379 3623 1532 3673 Nam
1573 3621 1753 3673 sicuti
1793 3622 2024 3674 formae
2058 3624 2355 3689 elegantia
2389 3627 2463 3679 in.

145 3707 360 3746 uxore
387 3704 560 3742 causa
587 3698 675 3740 est
701 3687 955 3753 amoris,
993 3688 1076 3739 ita
1110 3690 1153 3739 C
1206 3688 1388 3748 ristus
1425 3688 1753 3743 Ecclesiam
1780 3706 2054 3759 sponsam
2085 3707 2248 3743 suam
2280 3703 2456 3755 ornat

146 3758 536 3824 sanctitates
567 3765 636 3808 ut
662 3757 740 3808 sit
762 3756 877 3808 hoc
902 3756 1356 3809 benevolentiae
1384 3758 1617 3825 pignus.
1706 3759 1901 3829 Quare
1937 3758 2052 3811 hac
2095 3762 2455 3830 metaphora

146 3827 377 3882 alludit
407 3827 479 3879 ad
512 3824 889 3893 coniugiumz
937 3825 1036 3877 sed
1064 3835 1273 3896 postea
1299 3841 1426 3880 rem
1454 3828 1644 3894 ipsam
1672 3828 1896 3896 absque
1921 3827 2115 3896 figura
2149 3830 2454 3900 exprimit,

147 3897 409 3964 dicens,
445 3894 756 3947 Christum
786 3895 898 3947 sihi
927 3893 1274 3947 conciliasse
1306 3894 1672 3961 Ecclesiam,
1724 3912 1875 3964 quaa
1910 3908 2115 3949 sancta
2156 3899 2232 3949 sit
2275 3908 2336 3952 et
2369 3901 2462 3951 ir-.

143 3963 657 4033 reprehensibilis.
737 3963 848 4015 Hic
875 3980 1020 4032 ergo
1052 3980 1224 4015 verus
1254 3972 1346 4014 est
1374 3964 1682 4016 Ecclesiae
1716 3965 1928 4030 decor,
1970 3964 2131 4017 *haec
2161 3966 2454 4034 pudicitia

149 4034 524 4102 coniugalis,
562 4035 777 4099 nempe
800 4033 1082 4084 sanctitas
1116 4042 1176 4083 et
1204 4032 1562 4086 innocentia.
1648 4033 1909 4086 Sistendi
1935 4033 2114 4085 verbo
2147 4033 2452 4103 significat

145 4103 415 4168 Paulus,
452 4102 513 4154 in
542 4100 732 4154 oculis
758 4101 1034 4166 Domini,
1060 4101 1189 4164 ‘non
1219 4100 1535 4156 hominum
1571 4101 1848 4171 opinione
1868 4139 1885 4167 ,
1935 4113 2197 4158 sanctam
2233 4103 2451 4157 debere

152 4189 288 4224 esse
320 4169 667 4223 Ecclesiam.
722 4168 870 4224 dicit
899 4168 1095 4236 enim,
1133 4180 1198 4223 ut
1227 4168 1336 4221 sibi
1371 4170 1641 4237 sisteret,
1678 4186 1801 4222 non
1833 4178 1896 4221 ut
1918 4171 2050 4222 aliis
2084 4173 2447 4241 ostenderet,

150 4255 500 4311 quanquam
546 4238 801 4291 arcanae
843 4237 1004 4291 istius
1042 4238 1323 4306 puritatis
1358 4238 1600 4290 fructus'
1630 4239 1696 4291 in
1727 4238 1990 4300 externis
2019 4247 2225 4308 postea
2253 4241 2447 4308 operi*-

147 4309 265 4363 hus
306 4316 622 4378 apparent.
699 4306 873 4377 Quod
919 4314 1115 4359 autem
1145 4307 1440 4374 Pelagiani
1482 4306 1599 4359 hoc
1640 4309 1979 4361 testimonio
2024 4325 2089 4359 se
2133 4310 2447 4364 armabant

152 4379 230 4433 ad
259 4377 630 4448 probandam
655 4376 912 4429 iustitiae
940 4375 1372 4446 perfectionem
1401 4375 1467 4426 in
1494 4374 1611 4426 hac
1634 4377 1787 4430 vita:
1825 4377 1886 4428 in
1920 4393 1989 4428 eo
2020 4378 2343 4446 prudenter
2371 4380 2445 4433 ab

153 4445 491 4519 Augustino
520 4444 774 4501 refutati
802 4456 958 4498 sunt.
1032 4443 1240 4516 Neque
1265 4444 1426 4499 enim
1443 4479 1462 4512 ,
1495 4445 1641 4515 quid
1666 4444 1785 4502 iam
1818 4445 2046 4508 fastum
2073 4444 2189 4516 sit,
2231 4446 2446 4503 Paulus

1685 4626 1713 4650 l
1803 4616 1810 4620 .
