2820 4895
328 244 459 310 ωε
557 280 584 317 ,
1079 240 1228 310 m:
1254 240 1877 335 assarones

336 412 523 485 qaum
553 406 914 469 societatem
948 411 1070 466 viri
1099 406 1490 469 et·uxoris·a
1526 412 1698 467 sein
1760 411 1974 467 'tutam
2010 411 2184 467 Deus
2221 411 2709 471 benedixeritz-

335 481 648 553 sequitur,
708 479 1042 551 quamlibet
1090 481 1168 535 ab
1212 499 1284 536 ea
1328 480 1624 536 diversam
1671 496 1704 533 a
1800 498 1873 535 eo
1923 480 2194 535 damnari
2234 491 2300 534 et
2348 482 2695 539 maledici.

335 551 544 673 ἓιιῐο
571 566 695 632 sion
734 550 1033 632 adulteris·
1058 559 1326 618 tantum,
1372 549 2376 673 sed³1s3cortatoribusd¹31uilauslibet
2404 564 2697 675 poe-¹¹³5

269 734 274 739 ,
337 627 1154 758 ,ι’«ἷῖἲὲῗζὶξυῗζῖᾷἷῗὲἓῗ
1184 629 1524 753 aazia„
1552 628 1981 754 trama,
2002 628 2509 757 ‘gamm
2540 623 2698 744 ¹0¹3...-

336 754 577 811 iunctio
617 755 925 826 legitima,
971 770 1125 826 quae
1154 758 1272 809 Dei
1298 757 1543 810 nomine
1567 767 1628 810 et
1654 756 1939 825 auspiciis
1964 757 2259 812 sancitur.
2352 759 2490 812 sed
2542 777 2696 828 quo·

249 876 252 879 ,
333 825 504 879 niam
541 825 669 879 sine
705 823 972 895 coniugii
1008 826 1283 879 *remedio
1326 827 1703 896 promiscuae
1739 842 1809 877 ac
1845 841 2029 894 vagae
2057 825 2349 879 libidines
2392 827 2696 881 coerceri

337 903 671 975 nequeunt,
706 893 841 946 ideo
870 894 1037 972 nobis
1067 893 1268 962 ipsum
1297 896 1709 975 commendat,
1746 909 1964 947 vocans
1992 895 2413 976 Honorabile.
2452 965 2472 978 .
2503 896 2696 978 Quod

337 962 1188 1113 :iff‘qsszdzffx‘zfflssssz‘s‘
1204 963 2696 1114 22:zzztszzztfffffgffii&aar32:325?ss

337 1110 542 1239 35:33¹.
556 1100 873 1222 ’daim-21²
891 1100 1189 1237 :3322
1202 1101 2277 1237 ⁸15t2¹1¹1¹1¹2⁸0¹²„Ei1‘3133⁰0210⁰32²332'31'3?
2303 1103 2689 1239 afiffi‘zffi‘:

335 1236 514 1306 iugio
557 1236 994 1305 prohibeatur.»
1048 1238 1203 1291 Nam
1246 1241 1400 1309 quod
1443 1240 1608 1291 Deus
1649 1236 1859 1305 generi
1900 1238 2163 1289 humano
2200 1239 2265 1289 in
2309 1241 2685 1295 universum

342 1304 681 1371 concessit,
724 1322 930 1360 omnes
958 1305 1086 1359 sine
1115 1306 1468 1375 exceptione
1495 1308 1689 1359 decet.
1765 1305 1984 1359 Omnes
2015 1305 2333 1373 intelligo,
2383 1309 2503 1378 qui
2535 1326 2684 1360 eon-

336 1373 504 1454 iugio
547 1374 674 1444 apti
717 1384 887 1443 sunt,
939 1390 1131 1445 eoque
1156 1392 1305 1444 opus
1332 1375 1571 1439 habent.
1657 1374 1790 1426 Hoc
1822 1384 2023 1428 sutem
2054 1373 2297 1427 disertis
2330 1378 2556 1430 verbis
2588 1395 2681 1432 ex·

339 1442 524 1512 primi
551 1444 840 1511 oportuit,
882 1453 950 1496 ut
978 1445 1398 1512 superstitioni
1429 1452 1799 1508 occurreret,
1836 1443 2004 1495 cuius
2036 1453 2178 1495 tunc
2208 1443 2337 1498 iam
2372 1445 2563 1499 forte
2589 1463 2676 1499 se-

338 1511 502 1566 mina
546 1514 781 1567 occulte
821 1512 1085 1564 iaciebat
1125 1512 1338 1580 Satan,
1403 1510 1748 1581 coniugium
1787 1528 1918 1565 rem
1960 1510 2284 1581 profanam
2327 1531 2509 1580 esse,
2581 1526 2679 1567 aut

338 1589 508 1634 certe
549 1597 582 1634 a
622 1579 968 1634 Christiana
1009 1581 1390 1648 perfectione
1432 1579 1646 1651 procul
1688 1588 1999 1633 remotam.
2073 1581 2224 1634 Nam
2264 1581 2545 1651 spiritus
2586 1584 2677 1636 illi

339 1649 742 1717 impostores,
806 1650 878 1702 de
937 1651 1154 1728 quibus
1210 1649 1571 1703 vaticinatus
1619 1659 1749 1715 ergit
1787 1649 2033 1716 Paulus,
2082 1665 2221 1702 mox
2269 1652 2675 1719 exstiterunt,

339 1718 730 1788 prohibentes
775 1717 1141 1786 coniugium.
1216 1718 1376 1787 Ergo
1416 1736 1495 1772 ne
1537 1718 1664 1787 quis
1704 1719 1884 1770 stulte
1927 1716 2425 1789 imaginaretur,
2466 1723 2674 1776 coniu-

340 1787 509 1858 gium
549 1785 728 1857 vulgo
769 1789 1056 1841 duntaxat
1097 1786 1409 1840 bominum
1451 1785 1757 1856 permitti,
1795 1787 1893 1857 qui
1925 1798 2125 1841 autem
2152 1785 2215 1840 in
2249 1787 2555 1845 Ecclesia
2582 1807 2673 1843 ex·

341 1855 608 1923 cellunt,
658 1856 877 1909 debere
904 1872 973 1908 eo
1004 1855 1340 1917 abstinere;
1399 1872 1641 1909 omnem
1668 1858 2079 1923 exceptionem
2108 1854 2274 1909 tollit
2314 1860 2669 1925 Apostolus,

337 1940 539 1994 neque
569 1932 798 1979 tautum
827 1924 1002 1979 dccet
1030 1941 1138 1993 per
1167 1923 1604 1993 indulgentiam
1632 1925 1884 1978 concedi
1926 1925 2130 1990 (sicuti
2160 1924 2510 1981 cavill‘atur
2534 1929 2667 1981 Hie-
2776 1920 2777 1973 j

340 1993 687 2062 xonymus),
739 1995 844 2047 sed
880 1993 1109 2046 honore
1150 1992 1403 2063 dignum
1446 2010 1570 2047 esse
1612 1992 1845 2046 asserit.
1917 1994 2045 2047 Hac
2082 2003 2207 2046 tam
2248 2000 2547 2062 praecisa
2580 1999 2665 2050 de·

341 2062 715 2116 nuntiatione
753 2079 874 2121 non
917 2062 1103 2117 fuisse
1145 2062 1423 2127 territos,
1484 2061 1584 2131 qui
1625 2062 1993 2115 matrimonii
2037 2062 2548 2131 prohibitionem
2590 2067 2668 2118 iu·

341 2141 635 2185 vexerunt
668 2132 919 2197 mundo,
964 2130 1094 2199 plus
1133 2148 1309 2201 quam
1346 2129 1567 2184 mirum
1611 2140 1732 2196 est,
1772 2131 1890 2184 nisi
1916 2134 2075 2201 quod
2099 2131 2348 2185 frenum
2372 2134 2479 2186 *ita
2510 2137 2664 2189 Sata-

340 2215 458 2254 nae
484 2200 674 2253 laxari
702 2200 977 2273 oportuit
1004 2200 1077 2254 ad
1104 2199 1464 2272 puniendam
1493 2216 1699 2253 eorum
1726 2199 2220 2270 iugratitudinem
2243 2237 2263 2268 ,
2320 2204 2437 2272 qui
2475 2206 2658 2257 Deum

341 2268 560 2322 »audire
594 2270 944 2323 abnuerant.
1918 2290 1922 2294 ·

483 2338 537 2390 5.
607 2340 808 2393 Mores
854 2341 981 2391 sine
1019 2337 1292 2392 avaritia.
1371 2338 1534 2392 Dum
1576 2337 1887 2393 avaritiam
1927 2337 2056 2392 vult
2091 2337 2416 2408 corrigere
2442 2377 2463 2403 ,
2509 2350 2651 2394 recte

316 2380 410 2460 '‘et
434 2406 757 2476 prudenter
788 2406 961 2463 simul
987 2408 1153 2462 iubet
1184 2426 1290 2462 nos
1320 2409 1733 2479 praesentibus
1766 2418 2261 2463 essefcontentos.
2344 2409 2476 2462 Hic
2511 2412 2653 2463 enim

345 2494 521 2530 verus
551 2489 641 2531 est
669 2478 958 2548 pecuniae
990 2488 1369 2547 contemptus
1388 2516 1406 2541 ‚
1446 2473 1537 2530 vel
1565 2479 1776 2531 saltem
1805 2477 2271 2547 magnanimitas
2302 2478 2368 2529 in
2401 2489 2574 2531 recto
2602 2489 2652 2530 et

299 2605 304 2610 .
343 2547 655 2599 moderato
685 2546 852 2601 illius
884 2563 992 2600 usu
1014 2585 1030 2614 ,
1089 2546 1230 2600 dum
1262 2564 1332 2599 eo
1366 2547 1634 2600 contenti
1668 2564 1903 2613 sumus,
1954 2546 2112 2617 quod
2140 2545 2455 2601 Dominus
2482 2548 2650 2627 dedit,

287 4607 316 4618 κ

321 2614 467 2678 ‚sive
495 2614 642 2669 illud
670 2615 926 2669 multum
955 2618 1026 2669 s‘it
1049 2654 1066 2683 ,
1104 2617 1222 2668 sive
1248 2616 1546 2685 exiguum.
1630 2617 1782 2669 Nam
1810 2616 1927 2670 hoc
1956 2626 2123 2667 certe
2152 2631 2295 2667 raro
2336 2618 2671 2685 contingit,⁴

347 2692 418 2736 ut
457 2700 635 2737 avaro
674 2684 993 2756 quicquam
1032 2683 1327 2751 sufficiat,
1369 2683 1518 2754 quin
1550 2685 1788 2754 potius,
1833 2684 2050 2754 quibus
2077 2699 2203 2736 non
2232 2686 2387 2738 satis
2428 2696 2515 2738 est
2535 2701 2639 2736 me·

347 2750 667 2821 diocritas‚
693 2753 947 2810 *etiamsi
975 2753 1249 2806 maximis
1282 2753 1498 2822 opibus
1530 2755 1868 2821 abundent,
1907 2769 2142 2820 semper
2167 2753 2307 2823 plus
2343 2761 2628 2823 appetunt.

263 2853 268 2860 „
342 2820 513 2875 Haec
545 2831 632 2876 est
662 2823 938 2876 doctriua
957 2860 974 2890 ,
1012 2838 1187 2893 quarn
1216 2839 1277 2875 se
1306 2823 1526 2875 Paulus
1554 2822 1824 2875 didicisse
1855 2822 2169 2892 praedicat
2188 2858 2204 2887 ,
2243 2839 2475 2890 nempe
2502 2817 2632 2892 quod

344 2901 597 2948 noverat
634 2891 936 2946 abundare
976 2900 1038 2942 et
1084 2892 1401 2960 penuriam
1445 2891 1587 2960 pati.
1646 2891 1839 2961 ⁴Ergo
1869 2891 1971 2963 qui
1999 2906 2140 2944 suae
2170 2890 2505 2961 cupiditati
2532 2906 2640 2944 mo·

348 2959 491 3013 dum
520 2959 845 3030 imposuit,
894 2969 963 3013 ut
990 2976 1177 3030 aequo
1209 2961 1409 3013 animo
1446 2959 1789 3030 acquiescat
1815 2959 1876 3013 in
1902 2976 2007 3013 sua
2035 2967 2235 3026 sorte,
2284 2961 2339 3012 is
2374 2961 2659 3033 pecuniaex

350 3045 619 3082 amorem
652 3045 723 3083 ex
750 3045 856 3084 suo
883 3030 1080 3082 animo
1112 3030 1363 3098 expulit.
1506 3031 1637 3097 Ipse
1670 3031 1822 3079 enim
1849 3030 2023 3082 dixit.
2095 3028 2262 3081 Citat
2292 3023 2398 3082 hic
2424 3030 2540 3083 duo
2569 3039 2648 3080 te·

254 3095 280 3114 ‘
348 3097 660 3151 stimonia=
681 3099 861 3170 prius
887 3106 1190 3168 sumptum
1217 3104 1434 3168 putant
1460 3113 1532 3150 ex
1564 3100 1774 3151 Iosuae
1804 3100 1998 3168 capite
2031 3098 2110 3161 1.;
2149 3111 2266 3167 ego
2294 3115 2446 3151 vero
2470 3099 2648 3167 magis
2682 3105 2703 3140 s

347 3166 643 3235 arbitror,
703 3166 1068 3221 sententiam
1108 3166 1264 3220 banc
1311 3167 1627 3219 adductam
1672 3184 1799 3219 esse
1841 3184 1912 3219 ex
1955 3166 2264 3219 communi
2309 3165 2650 3235 Scripturas

347 3234 657 3303 doctrina,
706 3253 776 3290 ac
815 3236 864 3290 si
899 3235 1176 3288 dixissen
1228 3234 1457 3289 Passim
1481 3234 1775 3289 Dominus
1799 3252 1860 3289 se
1885 3235 2058 3289 nobis
2085 3252 2396 3306 nunquam
2420 3237 2650 3289 defutu-

347 3320 487 3360 rum
544 3305 891 3373 pollicetur.
985 3306 1075 3359 Ex
1110 3304 1222 3357 hac
1259 3303 1664 3373 promissione
1706 3304 1934 3371 infert,
1997 3303 2157 3374 quod
2196 3305 2462 3358 habetur
2499 3305 2650 3357 Psal-

346 3390 449 3427 mo
477 3374 596 3438 118.
616 3413 634 3441 ,
674 3374 841 3428 nobis
873 3383 1192 3441 suppetere
1218 3373 1463 3427 timoris
1493 3372 1773 3426 vincendi
1796 3375 2108 3426 materiam
2125 3409 2151 3442 ‚‚
2183 3390 2370 3443 quum
2393 3373 2470 3425 de
2497 3372 2653 3426 auxi·

346 3441 434 3498 lio
462 3439 576 3495 Dei
621 3443 780 3498 certi
822 3458 1039 3497 sumus.
1126 3442 1239 3494 Hie
1273 3459 1415 3496 vero
1447 3442 1720 3496 morbum
1750 3457 1782 3493 a
1810 3441 2006 3495 radice
2032 3443 2430 3512 ipsavevellit,
2483 3441 2648 3498 sicuti

345 3527 590 3567 necesse
619 3521 730 3580 est,
758 3511 808 3565 si
833 3512 1103 3568 volumus
1128 3511 1445 3578 homiuum
1474 3509 1703 3568 animos
1729 3527 1969 3564 eo¹vere
1996 3521 2285 3582 purgatos
2314 3527 2465 3565 esse.
2510 3515 2647 3566 Fon-

351 3590 475 3635 tem
506 3580 798 3635 avaritiae
824 3589 1051 3634 certum
1084 3589 1171 3633 est
1197 3597 1324 3644 esse
1349 3580 1765 3638 diffidentiam.
1827 3579 2280 3651 Nam.quisquis
2305 3581 2425 3633 boc
2453 3581 2647 3633 animo

350 3649 604 3704 infixum
643 3649 916 3716 habebit,
966 3665 1273 3731 nunquam
1301 3666 1369 3703 se
1396 3666 1431 3702 a
1454 3648 1713 3702 Domino
1738 3648 2015 3703 relietum
2042 3648 2122 3703 iri
2140 3686 2160 3716 ,
2209 3666 2325 3702 non
2354 3649 2480 3701 erit
2505 3651 2649 3703 ultra

351 3718 594 3774 modum
639 3718 975 3785 sollicitus,
1028 3733 1172 3789 quia
1204 3719 1487 3787 pendebit
1517 3717 1593 3769 ab
1625 3716 1798 3771 illius
1841 3718 2239 3786 providentia.
2322 3718 2652 3771 Prudenter

275 3801 282 3806 ·
352 3789 885 3868 ergo‘npostolus,
927 3802 1036 3839 nos
1070 3789 1147 3840 ab
1181 3787 1477 3840 avaritiae
1503 3787 1717 3839 morbo
1746 3802 1961 3841 curare
1985 3787 2224 3854 volens,
2268 3786 2339 3839 ad
2364 3787 2483 3839 Dei
2524 3804 2650 3856 pro·

356 3871 677 3909 missiones
702 3865 976 3921 revocat,
1001 3854 1213 3926 quibus
1243 3865 1501 3908 testatur
1526 3870 1589 3908 se
1613 3855 1784 3909 nobis
1817 3866 2197 3925 praesentem
2219 3855 2372 3914 fore.
2445 3856 2647 3909 Postea

352 3920 506 3976 inde'
537 3923 809 3994 colligit,
859 3923 1148 3994 quamdiu,
1171 3924 1310 3978 taiis
1336 3924 1630 3977 uobis-est
1654 3923 1930 3991 adiutor,
1978 3923 2217 3978 nullam·
2248 3939 2374 3979 esse
2408 3923 2647 3977 timendi

357 4008 622 4046 causam.
693 3995 789 4046 Ita
817 3992 980 4045 enim
1004 3991 1142 4060 fiet,
1194 4000 1263 4047 ut
1287 3992 1495 4048 nullae
1514 4009 1627 4046 nos
1658 4009 1877 4063 pravae
1906 3992 2273 4063 cupiditates
2300 3991 2645 4059 sollicitent,

356 4060 501 4131 quia
540 4061 667 4115 sola
706 4062 852 4117 fides
896 4069 1023 4128 est,
1071 4078 1225 4132 quae
1262 4079 1481 4133 pacare
1516 4061 1825 4128 homiuum
1860 4071 2091 4118 mentes
2133 4060 2354 4133 possit,
2402 4077 2645 4133 quarum

357 4128 594 4202 alioqui
621 4129 758 4202 plus
784 4129 926 4184 satis
950 4138 1094 4184 nota
1122 4139 1212 4185 est
1235 4130 1551 4204 iuquietud
1591 4168 1606 4186 .

525 4305 587 4367 7.
633 4298 983 4368 Memores
1018 4313 1238 4369 estote
1269 4300 1773 4390 praefectorum
1803 4305 2211 4379 vestrorum,
2248 4303 2365 4387 qui
2394 4300 2638 4387 loquuti

358 4396 519 4456 sunt
544 4387 739 4456 vobis
766 4404 1152 4456 sermonem
1178 4387 1344 4468 Dei,
1384 4408 1675 4475 quorum
1705 4389 2053 4478 intuentes
2083 4387 2344 4455 exitum
2375 4406 2635 4455 couver-

2732 182 2778 259 Η

2762 2106 2778 2205 l
