2820 4895
364 260 500 332 260
622 269 629 274 ’
901 259 1033 330 JN
1076 257 1725 328 ,EPISTOLAB
1787 255 2124 330 raum

264 491 271 504 f
374 475 381 480 ,
508 427 596 490 tt.
631 426 854 485 Mulier
881 430 947 484 in
975 430 1182 502 quiete.
1251 428 1668 503 Postquam-de
1693 429 1901 484 vestitu
1928 428 2199 500 loquutus
2224 436 2348 498 est,
2380 442 2542 483 nune
2563 429 2676 484 ad·

366 497 458 553 dit
484 517 598 571 qua
625 518 689 554 se
713 500 1001 554 modestia
1031 517 1236 568 gerere
1275 503 1338 554 in
1370 519 1538 555 sacro
1570 510 1742 553 coetu
1776 501 2030 554 debeant
2068 502 2353 561 mulieres.
2437 503 2521 553 Ac
2547 500 2673 570 pri·

362 586 527 629 mum
566 572 729 626 iubet
766 587 871 623 eas
908 569 1141 639 placide
1177 573 1433 628 discere:
1483 587 1634 624 finam
1672 574 1834 642 quies
1869 571 2171 625 silentium
2209 570 2539 640 significat,
2593 587 2673 623 ne

362 641 644 712 loquendi
677 644 827 695 vices
857 642 969 696 sibi
1001 653 1282 713 usurpent
1310 645 1372 696 in
1410 644 1666 714 publico.
1741 641 1891 713 quod
1928 642 2123 696 statim
2162 643 2372 695 clarius
2409 643 2667 711 exponit,

300 765 303 768 ,
366 712 506 764 dum
542 725 653 765 teas
685 722 844 767 vetat
870 715 1103 766 decere.
1172 716 1311 768 -Non
1339 723 1406 766 ut
1431 714 1552 766 illis
1577 713 1805 766 auferat
1829 730 2036 767 munus
2062 713 2457 766 instituendae
2487 710 2669 764 fami·

342 783 514 850 filiae,
552 784 656 836 sed
695 794 927 838 tantum
963 793 1031 836 ut
1067 795 1387 837 &munere
1433 785 1675 839 docendi
1715 794 1948 851 arceat,
1992 784 2144 854 quod
2175 783 2313 836 solis
2338 783 2477 835 viris
2503 785 2670 843 Deus

280 865 303 872 ⁸
362 854 688 908 mandavit.
759 870 874 924 qna
899 857 970 906 de
990 861 1057 905 re
1081 858 1460 909 tractavimus
1482 859 1538 909 in
1569 856 1806 924 epistola
1829 856 1906 908 ad
1925 854 2260 908 Corinthios
2286 854 2506 925 priore.
2566 852 2668 906 Si*-

284 977 299 990 ‚
361 924 494 993 quis
519 925 818 988 Deboram
849 936 909 978 et
937 925 1157 978 similes
1193 927 1471 995 obiiciat,
1522 943 1669 996 quas
1695 925 2009 996 aliquando
2038 926 2414 995 gubernando
2445 924 2666 991 populo
2695 942 2712 946 ·

359 996 475 1058 Dei
506 996 779 1050 mandato
804 995 1132 1066 praesectas
1158 996 1432 1067 legimus:
1473 997 1775 1065 responsio
1805 1005 1900 1049 est,
1921 996 2145 1064 facilis,
2180 994 2668 1048 extraordinariis

360 1066 686 1124 Beniamin
722 1083 842 1119 non
881 1067 1464 1121 everti‘communem
1505 1067 1802 1137 politiam,
1855 1069 1946 1119 cui
1990 1084 2096 1120 noe
2145 1066 2323 1118 voluit
2367 1064 2663 1133 alligatos.

358 1137 516 1205 Ergo
542 1138 589 1189 si
620 1138 695 1190 ali
743 1137 937 1190 nando
967 1138 1356 1207 prophetandi
1397 1147 1457 1190 et
1498 1138 1742 1192 docendi
1780 1138 1976 1190 locum
2019 1143 2326 1206 tenuerunt
2366 1135 2662 1198 mulieres,

358 1207 418 1274 id
463 1225 535 1261 ue
559 1209 674 1266 Dei
701 1157 930 1277 {piritu
967 1209 1287 1264 excitatae:
1320 1208 1514 1278 potuit
1541 1209 1653 1261 hoc
1677 1207 1775 1278 qui
1798 1209 1870 1261 ab
1898 1209 2061 1261 omni
2092 1209 2217 1277 lege
2244 1206 2522 1258 immunis
2552 1215 2662 1257 est.

358 1275 423 1332 be
505 1281 640 1349 quia
679 1277 794 1332 hoc
833 1279 1122 1349 singulare
1152 1289 1268 1349 est,
1307 1297 1426 1332 non
1455 1285 1675 1348 pugnat
1709 1295 1840 1331 cum
1907 1289 2147 1350 erpetua
2178 1287 2237 1329 et
2263 1278 2479 1330 usitata
2507 1276 2666 1344 poli-

357 1341 459 1405 iia.
530 1349 704 1415 Addit
731 1349 884 1419 quod
920 1350 1254 1419 proximum
1298 1360 1385 1403 est
1418 1349 1613 1420 officiq
1649 1298 1946 1404 docencfi’i
1987 1369 2057 1402 ne
2093 1350 2207 1399 sibi
2247 1350 2666 1399 auctoritatem

357 1433 592 1472 sumant
638 1422 701 1471 in
737 1421 918 1476 viros·
985 1421 1137 1472 Nam
1161 1422 1268 1473 ista
1301 1431 1387 1473 est
1415 1423 1601 1486 ratio,
1642 1436 1745 1471 cur
1779 1421 1987 1473 docere
2024 1418 2472 1488 prohibeantur:
2514 1414 2662 1484 quia

356 1487 472 1541 hoo
503 1503 619 1540 non
651 1489 866 1560 patitur
890 1505 1084 1542 earum
1119 1491 1397 1547 conditio.
1468 1489 1776 1545 Subiectae
1816 1491 1971 1543 enim
2009 1499 2178 1550 sunt:
2217 1489 2425 1541 docere
2455 1494 2662 1539 autem

356 1568 446 1610 est
470 1559 813 1627 potestatis,
849 1561 1282 1630 vel'superioris
1309 1560 1537 1634 gradus.
1611 1562 1957 1632 Quanquam
1984 1559 2211 1636 videtpr
2236 1559 2534 1619 ratiotnon
2559 1573 2659 1610 sa-

352 1631 435 1681 tis
471 1628 671 1681 firma:
709 1639 883 1699 quum
912 1630 1240 1699 Prophetae
1277 1649 1505 1703 quoque
1544 1641 1602 1685 et
1649 1632 1913 1684 doctores
1941 1631 2194 1699 Regibus
2236 1626 2655 1698 sintdsubiecti,

355 1699 603 1769 aliisque
642 1701 1096 1769 magistratibus.
1188 1703 1564 1771 RespondeO,
1625 1700 1768 1754 nihil
1808 1720 1929 1766 esse
1976 1701 2207 1754 absurdi
2249 1693 2389 1770 quin
2431 1698 2658 1767 praesit

354 1770 568 1838 aliquis
608 1778 665 1820 et
695 1771 866 1823 simul
891 1778 1127 1842 pareat',
1165 1775 1482 1839 secundum
1506 1771 1763 1826 diversos
1803 1780 2119 1840 respectus:
2160 1771 2261 1822 sed
2303 1771 2365 1822 in
2402 1769 2656 1821 muliere

353 1838 416 1894 id
445 1856 560 1892 non
586 1837 770 1907 valet,
811 1858 959 1911 quae
982 1860 1100 1897 non
1132 1843 1340 1898 natura
1373 1844 1509 1909 (hoc
1538 1852 1657 1912 est,
1699 1842 2127 1910 ordinaria-Dei
2154 1841 2306 1909 lege)
2334 1837 2409 1892 ad
2437 1855 2652 1907 paren-

356 1912 500 1963 dum
539 1921 676 1976 nata
713 1921 815 1964 est.
890 1913 1062 1980 ‚Nam
1098 1918 1569 1985 γυναικοκρατίαν
1608 1928 1804 1974 ornnes
1842 1913 2154 1981 prudentes
2195 1927 2427 1980 semper
2460 1908 2653 1962 instar

400 1981 613 2032 ortenti
638 1980 1034 2064 repudiarunt,
1107 1985 1301 2054 Quare
1343 1984 1569 2052 coelum
1597 1980 2025 2051 quodammodo
2060 1991 2252 2033 terrae
2285 1979 2646 2047 miscebitur,

383 2052 404 2103 i
436 2050 682 2104 docendi
709 2070 797 2104 ius
826 2053 1112 2123 arripiant
1155 2053 1446 2107 mulieres.
1514 2053 1688 2107 Iubet
1726 2070 1864 2126 ergo
1908 2071 2005 2106 eas
2045 2052 2371 2123 quiescere:
2416 2049 2530 2103 hoc
2561 2057 2653 2104 est

352 2138 417 2175 se
442 2123 748 2174 continere
772 2123 930 2176 iutra
955 2141 1116 2177 suum
1147 2124 1433 2180 ordinem.

493 2191 578 2244 13.
651 2192 831 2244 Adam
870 2194 1021 2245 enim
1058 2191 1301 2247 creatus.
1372 2196 1534 2247 Duas
1562 2191 1817 2246 rationes
1844 2189 2107 2258 adducit,
2149 2207 2255 2243 cur
2277 2187 2409 2245 viris
2437 2188 2649 2244 mulie·

350 2276 446 2314 res
473 2260 705 2314 subesse
735 2271 1031 2332 oporteat:
1068 2263 1206 2333 quia
1237 2276 1293 2315 et
1321 2263 1475 2317 hanc
1514 2264 1699 2332 legem
1723 2264 1879 2318 Deus
1917 2263 2193 2331 imposuit
2230 2261 2303 2313 ab
2345 2259 2549 2328 initio,
2588 2266 2649 2312 et

348 2348 603 2406 poenam
645 2348 877 2401 quoque
920 2316 1150 2386 muiieri
1187 2334 1423 2389 inflixit.
1501 2335 1691 2387 Docet
1730 2332 1941 2402 igitur,
1995 2329 2221 2384 etiamsi
2260 2331 2323 2383 in
2360 2334 2549 2399 prima
2588 2337 2652 2382 et=

327 2402 629 2472 originali
656 2402 979 2473 integritate
1011 2405 1263 2465 stetisset
1303 2403 1620 2458 humanum
1654 2420 1866 2474 genus,
1904 2403 1989 2456 ita
2022 2403 2176 2455 ferre
2201 2401 2514 2470 genuinum
2537 2417 2647 2454 na·

347 2480 520 2527 turae
564 2475 861 2541 ordi-nem,
920 2476 1018 2545 qui
1063 2493 1094 2527 a
1132 2476 1244 2528 Dei
1282 2476 1638 2546 praescripto
1675 2474 1875 2541 fluxit,
1933 2484 1995 2526 ut
2033 2474 2304 2525 mulieres
2348 2473 2646 2525 subiectae

311 2556 319 2561 '
349 2544 486 2612 sint.
555 2544 759 2614 Neque
787 2545 976 2597 obstat
1013 2545 1166 2614 quod
1195 2546 1378 2599 Adam
1417 2563 1450 2597 a
1473 2546 1663 2614 prima
1693 2545 1973 2614 dignitate
2004 2545 2274 2619 excidens
2297 2543 2550 2612 ‘imperio
2582 2559 2645 2595 se

346 2614 475 2684 ipse
501 2616 764 2682 privavit.
808 2630 969 2667 ‘nam
1002 2617 1060 2667 in
1093 2616 1305 2680 ruinis,
1355 2633 1503 2686 quae
1539 2620 1840 2683 peccatum
1868 2625 2147 2684 sequutae
2186 2623 2353 2680 sunt,
2403 2621 2646 2665 manent

307 2716 317 2739 ι
348 2685 542 2739 adhuc
566 2684 851 2755 quaedam
877 2686 1124 2738 Divinae
1152 2686 1573 2757 ben-edictionis
1599 2687 1921 2755 reliquiae:
1963 2695 2021 2738 et
2058 2684 2289 2737 mulieri
2324 2701 2428 2737 sua
2471 2683 2645 2752 eulpa

391 2756 623 2807 rodesse
654 2771 771 2807 non
792 2755 1017 2823 debuit.
1084 2758 1262 2826 ,Quod
1293 2766 1491 2810 tamen
1526 2757 1756 2810 adducit
1784 2755 2023 2822 Paulus,
2058 2755 2355 2808 mulierem
2388 2755 2643 2806 secundo

345 2770 477 2880 {loco
510 2835 767 2878 creatam
797 2838 952 2891 esse,
991 2825 1215 2880 videtur
1240 2826 1386 2880 baec
1432 2845 1631 2896 parum
1670 2825 1859 2879 valida
1894 2843 2016 2877 esse
2047 2826 2420 2880 subiectionis
2453 2822 2642 2890 rati03

346 2913 488 2950 nam
517 2907 573 2948 et
604 2896 891 2959 Iohannes
919 2897 1186 2967 Baptista
1222 2906 1485 2968 tempore
1514 2898 1809 2967 Christum
1846 2894 2186 2964 praecessit,
2225 2895 2509 2964 dignitate
2544 2903 2645 2946 ta·-

340 2985 479 3022 ⁴men
518 2966 693 3037 longe
730 2966 984 3022 inferior.
1057 2968 1168 3021 Sed
1202 2969 1407 3021 Paulus
1445 2964 1898 3022 circumstantias
1938 2983 2170 3031 ornnes,
2216 2984 2362 3034 quae
2403 2983 2434 3017 a
2469 2966 2644 3018 Mose

346 3039 714 3103 referuntur,
752 3037 982 3101 tametsi
1010 3054 1129 3090 non
1158 3043 1478 3108 exprimat,
1517 3038 1697 3091 voluit
1736 3050 1926 3092 tamen
1962 3054 1994 3087 a
2026 3036 2340 3089 lectoribus
2374 3033 2640 3108 expendi.

346 3110 544 3162 Moses
570 3118 763 3159 autem
793 3108 995 3173 docet,
1044 3108 1123 3160 ita
1155 3110 1473 3179 posteriore
1500 3110 1629 3162 loco
1662 3117 1917 3161 creatam
1950 3123 2069 3157 esse
2094 3106 2391 3165 mulierem
2416 3143 2432 3171 ,
2481 3114 2545 3158 ut
2571 3105 2643 3158 sit

349 3181 514 3247 quasi
546 3178 653 3231 viri
680 3176 962 3244 accessio:
1002 3185 1056 3227 et
1078 3178 1190 3231 hac
1217 3177 1342 3248 lege
1376 3179 1552 3232 fuisse
1577 3181 1699 3233 viro
1732 3174 2089 3244 adiunctam,
2131 3187 2195 3228 ut
2227 3187 2453 3245 praesto
2490 3177 2643 3228 adsit

347 3247 785 3301 adNexhibenda
821 3247 1113 3314 obsequia.
1200 3251 1395 3320 Quum
1435 3253 1576 3319 ergo
1619 3268 1733 3304 non
1766 3248 1877 3300 duo
1911 3249 2109 3317 capita
2136 3249 2293 3301 Deus
2322 3263 2506 3318 aequa
2535 3264 2642 3316 po·

343 3328 550 3372 testate
585 3317 896 3383 creaverit,
938 3316 1039 3367 sed
1083 3319 1203 3377 viro
1242 3320 1531 3373 addiderit
1570 3321 1968 3377 adiumentum
2006 3317 2280 3381 inferius:
2317 3320 2528 3380 merito,
2564 3317 2644 3369 ad

344 3390 504 3443 illum
537 3389 852 3439 creationis
877 3385 1275 3442 ordinem'nos
1296 3391 1597 3463 Apostolus
1624 3399 1882 3457 revocat,
1918 3390 1981 3440 in
2010 3406 2123 3458 quo
2147 3389 2374 3442 relucet
2402 3398 2646 3455 aeterna

347 3469 407 3513 et
430 3458 781 3511 inviolabilis
810 3457 922 3510 Dei
948 3459 1258 3513 institutid.
2219 3508 2220 3511 ,
2377 3470 2382 3477 “

491 3530 571 3582 14.
647 3533 723 3581 Et
755 3525 931 3579 Adam
958 3528 1221 3591 nonfuit
1253 3530 1538 3595 deceptus.
1611 3528 1867 3594 Respicit
1896 3529 1969 3581 ad
1998 3544 2246 3598 poenam
2285 3526 2517 3605 ujulieri
2546 3526 2642 3579 in-

344 3597 576 3651 flictam
614 3596 787 3664 (Gen.
816 3597 873 3663 3,
903 3597 1036 3661 16.):
1077 3599 1225 3668 Quia
1252 3597 1502 3649 obedisti
1542 3600 1670 3652 voci
1710 3600 2025 3667 serpentis,
2065 3599 2168 3650 sub
2209 3597 2315 3649 viri
2348 3606 2646 3667 potestate

349 3670 488 3735 eris,
530 3677 588 3721 et
614 3668 690 3719 ad
715 3666 875 3722 illum
904 3668 1185 3734 appetitus
1212 3676 1368 3720 tuus.
1423 3670 1596 3721 'Nam
1625 3671 1761 3739 quia
1791 3670 2011 3723 exitiale
2040 3669 2345 3735 consilium
2376 3668 2639 3735 dederat,
2731 3674 2734 3675 ’

348 3740 520 3807 digna
547 3738 659 3790 fuit
685 3755 833 3807 quae
859 3737 930 3788 ab
963 3737 1148 3789 alieno
1173 3740 1301 3791 iure
1327 3745 1386 3789 et
1414 3739 1656 3792 arbitrio
1686 3740 1938 3809 pendere
1967 3739 2244 3792 disceret:
2290 3739 2423 3806 quia
2449 3740 2645 3792 virum

345 3810 665 3863 abduxerat
691 3806 857 3861 anei
884 3808 1128 3878 imperio
1149 3847 1165 3875 ,
1205 3809 1375 3877 digna
1402 3809 1515 3861 fuit
1549 3826 1715 3881 quae,
1746 3810 1908 3863 omni
1933 3809 2205 3862 libertate
2237 3808 2492 3875 privata,
2534 3810 2644 3861 sub

344 3876 989 3949 §agnai-redigeretur..
1049 3881 1356 3933 Caeterum
1396 3897 1516 3930 non
1561 3879 1886 3949 simplicem
1931 3889 2031 3932 aut
2065 3880 2279 3931 nudam
2317 3886 2643 3949 transgres-

346 3950 531 4005 sionis
572 3965 804 4001 causam
841 3947 942 4000 hic
972 3948 1277 4019 Apostolus
1317 3944 1633 4004 obtendit:
1657 3951 1757 4002 sed
1791 3952 2164 4020 pronuntiata
2194 3967 2226 4000 a
2255 3951 2379 4002 Deo
2408 3959 2645 4003 senten-

340 4022 432 4074 tia
473 4020 692 4073 nititur.
785 4020 1133 4088 Quanquam
1178 4021 1447 4073 videntur
1486 4022 1633 4073 haec
1680 4021 1792 4073 duo
1832 4022 2101 4082 nonnihil
2140 4036 2430 4087 pugnare,
2484 4020 2646 4090 quod

346 4091 607 4145 mulieris
634 4088 918 4143 subiectio
943 4106 1129 4157 poena
1161 4090 1236 4142 sit
1264 4090 1765 4161 transgressionis,
1801 4103 1858 4142 et
1889 4101 2088 4161 tamen
2106 4090 2194 4149 illi
2221 4091 2398 4142 fuerit
2422 4108 2452 4142 a
2475 4105 2639 4151 crea-

346 4164 509 4217 tione
548 4160 857 4226 imposita3
897 4175 1034 4211 nam
1075 4162 1209 4213 inde
1252 4164 1553 4231 sequitur,
1605 4161 1764 4231 prius
1804 4162 2098 4214 addictam
2138 4160 2316 4213 fuisse
2352 4161 2642 4227 servituti,

200 4292 203 4303 Ι
264 4260 269 4269 ,
348 4250 526 4305 quam
560 4231 941 4301 delinqueret.
1012 4232 1389 4308 Respondet»,
1428 4233 1577 4285 nibil
1602 4235 1682 4285 im
1728 4232 1887 4286 edire
1915 4232 2222 4307 quominus
2265 4239 2324 4282 et
2351 4231 2645 4287 naturalis

349 4306 424 4357 ab
453 4303 622 4355 initio
649 4300 830 4353 fuerit
858 4298 1116 4353 conditio
1145 4301 1418 4370 parendi:
1457 4315 1514 4355 et
1537 4302 1672 4356 dein
1718 4322 1748 4355 e
1772 4312 2003 4372 propter
2029 4310 2335 4369 peccatum
2365 4301 2647 4353 acciden-

348 4376 482 4429 talis
499 4370 789 4425 serviendi
806 4387 928 4424 esse
955 4373 1230 4441 coeperit,
1269 4382 1334 4424 ut
1360 4373 1482 4426 iam
1506 4375 1699 4426 minue
1729 4373 1988 4426 liberalis
2019 4374 2093 4426 sit
2119 4370 2422 4444 subiectio,
2461 4388 2644 4440 quam

346 4446 509 4517 priua
544 4442 775 4499 fuisse&
868 4432 1185 4501 caeteram
1227 4442 1389 4499 locui
1428 4443 1534 4501 hio
1575 4444 1923 4520 quibusdam
1960 4444 2331 4501 occasionem
2372 4442 2651 4519 praebuit
