2820 4895
443 296 572 363 500
1041 318 1102 329 ··
1200 289 1306 371 IN
1374 226 1997 360 EplsTOLAE

443 460 670 525 Pascha
703 462 1193 532 interpretantur,
1255 458 1393 530 quia
1438 460 1632 513 Moses
1668 460 1729 515 in
1770 460 2072 518 Christum
2111 463 2471 533 respexerit,
2539 476 2723 516 verum

443 534 680 608 quidem
708 533 945 601 dicunt;
982 531 1083 584 sed
1115 529 1415 600 Apostolus
1439 530 1784 600 simpliciter
1811 532 1910 586 hic
1938 532 2079 585 fidei
2107 535 2369 586 meminit
2390 572 2410 600 ,
2450 542 2722 604 quatenus

402 636 405 647 ·
444 604 508 669 in
549 605 674 657 solo
699 602 816 657 Dei
852 602 1026 654 verbo
1061 618 1131 653 ac
1176 601 1417 667 uiescit,
1462 600 1571 669 ¹ubi
1602 602 1740 654 resi
1785 619 1849 653 sa
1874 620 1993 654 non
2023 612 2297 672 appareti
2344 605 2486 658 ideo
2528 605 2720 655 intem·

486 675 729 727 estivum
760 680 847 725 est
874 620 1275 724 subtiliusqhoc
1305 672 1440 725 loco
1476 671 1738 742 philosop
1785 673 1894 728 ari.
1966 675 2137 743 Quod
2172 683 2370 726 autem
2402 676 2618 726 Mosen
2649 691 2723 725 so·

442 692 563 800 {iun
593 744 797 798 iecisse
825 740 1048 795 Pascha
1076 752 1527 795 commemorat.
1579 741 1729 795 haec
1756 759 1934 797 causa
1963 752 2097 812 est,
2146 745 2303 817 quod
2328 761 2438 814 per
2467 746 2593 799 eius
2610 754 2728 796 ‘ma-

444 818 587 871 num
612 816 768 868 Deus
793 811 1017 865 Pascha
1045 812 1315 865 instituit.

581 901 668 953 29.
748 897 877 950 Fide
905 899 1290 949 transierunt.
1365 896 1609 949 Certum
1638 906 1757 964 est,
1795 896 2122 966 complures
2149 900 2211 950 in
2234 896 2335 950 illa
2361 897 2731 950 multitudine

441 969 623 1029 fuisse
651 966 982 1020 incredulos
1000 978 1040 1025 ς·
1068 976 1128 1016 at
1149 966 1437 1021 Dominus
1468 984 1787 1035 paucorum
1815 969 1929 1021 hoc
1958 965 2094 1020 fidei
2121 969 2410 1023 concessit
2422 966 2452 1035 ,’
2492 969 2729 1021 unacco

413 1040 592 1110 pede
632 1054 734 1106 per
770 1052 931 1089 mare
970 1038 1245 1089 transiret
1282 1045 1409 1090 tota
1446 1039 1780 1093 multitudo.
1861 1040 2013 1091 Nam
2039 1039 2102 1090 in
2135 1038 2339 1093 eadem
2365 1052 2437 1088 re
2466 1031 2730 1107 magnuffl

444 1111 602 1165 inter
627 1107 920 1161 Israelitas
947 1116 1009 1158 et
1026 1108 1343 1177 §egyptios
1370 1107 1687 1161 discrimen
1714 1110 1859 1177 fuit,
1901 1110 2056 1177 quod
2086 1111 2394 1180 quum‘alii
2424 1109 2730 1162 incolumes

442 1179 845 1244 transiissent,
878 1177 983 1231 alii
1007 1177 1176 1244 paulo
1206 1187 1338 1246 post
1367 1178 1617 1233 'demersi
1651 1189 1800 1234 sunt.
1875 1179 2042 1247 Unde
2067 1178 2181 1245 hoc
2216 1178 2580 1233 discrimen?
2630 1181 2728 1231 nisi

445 1251 586 1322 quia
615 1249 852 1301 verbum
876 1247 985 1300 Dei
1018 1249 1241 1315 priores
1278 1248 1533 1318 amplexi
1571 1259 1738 1314 sunt,
1788 1266 1903 1321 quo
1950 1249 2417 1303 destituebantur
2449 1251 2725 1320 Aegyptii.

442 1327 867 1391 Argumentum
890 1319 1069 1388 igitur
1096 1326 1244 1383 esta
1275 1319 1586 1371 contrariis
1605 1358 1623 1388 ,
1675 1334 1849 1390 quum
1882 1319 2023 1371 dicit
2051 1321 2363 1388 Aegyptios
2380 1320 2590 1386 ,fuisse
2616 1322 2726 1372 sub·

445 1390 672 1456 sners'os
755 1389 908 1449 Nam
959 1388 1159 1440 infelix
1198 1388 1586 1442 ille1eventus
1631 1406 1825 1459 poena
1860 1389 1979 1441 fuit
2014 1392 2400 1455 temeritatis,
2470 1390 2726 1459 quemad-

446 1459 686 1513 modum
730 1476 799 1510 ex
838 1460 1080 1510 adverso
1120 1459 1366 1513 salutem
1408 1461 1757 1529 consequuti
1795 1467 1932 1511 sunt
1971 1459 2307 1526 Israelitae,
2360 1460 2531 1528 quod
2574 1461 2724 1512 verbo

440 1530 560 1587 Dei
580 1527 723 1585 freti
745 1530 900 1591 inter
928 1530 1147 1589 medias
1175 1545 1457 1600 aquarum
1481 1531 1666 1585 moles
1689 1532 1805 1582 iter
1827 1530 2026 1582 facere
2050 1546 2168 1581 non
2190 1539 2565 1584 recusarunt·

445 1622 476 1667 ..’
577 1614 672 1669 80.
729 1602 870 1671 Eide
897 1614 1273 1669 conciderunt
1300 1618 1529 1668 moenia
1557 1618 1809 1670 Iericho.
1882 1616 2066 1668 Sicuti
2096 1614 2252 1683 prius
2280 1615 2403 1667 fide
2430 1616 2723 1685 abruptum

441 1684 624 1747 fuisse
652 1683 944 1736 servitutis
975 1683 1182 1752 iugum,
1202 1682 1436 1750 docuit,
1460 1716 1461 1719 =
1487 1685 1571 1736 ita
1603 1702 1762 1739 nunc
1793 1686 1996 1738 eadem
2026 1686 2142 1738 fide
2170 1696 2607 1738 commemorat
2633 1703 2721 1753 po-

440 1755 648 1828 pulum
674 1753 1028 1819 hereditatis
1048 1752 1162 1806 sibi
1189 1755 1509 1819 promissae
1539 1755 1962 1825 possessionem
1991 1756 2169 1811 fuisse
2208 1757 2520 1825 adeptum.
2589 1758 2719 1809 Nam

439 1826 633 1898 primo
660 1833 850 1878 terrae
888 1824 1149 1893 ingressu
1186 1825 1417 1878 obiecta
1446 1836 1574 1878 erat
1596 1827 1735 1879 urbs
1764 1826 1990 1880 iericho
2008 1865 2024 1892 ,
2073 1828 2304 1879 munita
2333 1837 2398 1878 et
2424 1827 2558 1879 fere
2580 1828 2715 1879 iner-

441 1895 808 1966 pugnabilis,
857 1894 1313 1964 quae-progredi
1351 1895 1509 1948 ultra
1531 1907 1789 1963 vetaret,
1838 1913 2015 1967 quum
2053 1896 2210 1949 nulla
2252 1906 2408 1949 esset
2451 1899 2611 1949 illius
2642 1914 2705 1947 ex·

438 1966 782 2091 pugnanda
819 1966 995 2027 ratic.
1066 1964 1361 2033 Praecipit
1387 1968 1711 2034 Dominus,
1760 1975 1826 2018 ut
1861 1965 2043 2021 semel
2090 1967 2348 2037 quotidie
2392 1967 2694 2021 omnes'n'ri

485 2037 708 2091 ellicosi
734 2050 931 2087 muros
968 2035 1357 2098 circumeant;
1409 2039 1658 2106 septimo
1687 2045 1885 2090 autem
1920 2038 2012 2089 die
2041 2037 2270 2106 septies.
2337 2038 2683 2091 Puerilisent

442 2107 722 2179 circuitu
756 2104 857 2158 ine
879 2104 1220 2175 ‚plenusque
1260 2105 1531 2160 ludibrio.
1612 2110 1831 2161 Parent
1870 2107 2243 2161 nihilominus
2281 2108 2576 2161 mandato
2611 2105 2689 2167 nd,

441 2194 636 2247 neque
663 2175 873 2239 ludunt
898 2190 1169 2242 operam3
1206 2175 1463 2228 feliciter
1487 2178 1655 2230 enim·
1671 2178 1963 2243 succedit,
2001 2187 2064 2230 ut
2090 2177 2442 2247 promissum
2473 2179 2595 2231 illis
2617 2178 2701 2227 fue-

442 2256 560 2301 rat.
632 2244 871 2299 Gertum
898 2248 1020 2312 est,
1068 2260 1188 2297 non
1215 2244 1521 2300 hominum
1552 2248 1844 2312 clamore,
1884 2249 1974 2301 vel
2000 2247 2278 2317 strepitu.
2324 2264 2447 2300 nec
2472 2250 2711 2315 clangore

438 2318 718 2371 tubarum
743 2317 978 2368 moenia
1006 2316 1325 2382 corruisse3
1364 2317 1467 2368 sed
1494 2319 1643 2387 quia·
1659 2320 1914 2388 speravit
1941 2316 2221 2387 populus,
2259 2320 2420 2385 quod
2451 2337 2519 2371 se
2552 2319 2709 2389 iactu·

440 2388 892 2442 rumDominus
932 2386 1290 2456 prerdserat.
1355 2388 1523 2441 Haec
1551 2405 1778 2459 quoque
1803 2384 1865 2440 in
1889 2397 2358 2449 usumgnostrum
2408 2404 2713 2445 accommo-

373 2479 376 2480 ’
440 2461 582 2513 dare
606 2457 774 2525 licet,
807 2456 948 2527 quia
977 2474 1167 2527 neque
1199 2457 1369 2509 aliter
1393 2473 1572 2527 quam
1599 2459 1716 2512 fide
1734 2475 1819 2516 ‚ex
1840 2459 2058 2513 diaboli
2085 2460 2401 2527 tyrannide
2431 2459 2719 2514 asserimur

437 2532 506 2584 in
533 2530 905 2596 libertatem„
945 2536 1010 2578 et
1054 2528 1260 2580 eadem
1297 2527 1420 2580 fide
1457 2529 1653 2583 hostes
1693 2538 1918 2585 nostros
1951 2530 2367 2601 profligamus,
2426 2544 2722 2599 omnesque

439 2600 768 2655 inferorum
796 2597 1153 2650 munitiones
1181 2598 1518 2652 concidunt.
1696 2637 1699 2642 .
2360 2633 2367 2637 .
2590 2615 2597 2622 „

515 2703 518 2706 ·
577 2684 663 2738 81.
719 2684 860 2736 Fide
887 2683 1107 2736 Rah‘ab.
1180 2668 1443 2736 Tametsi
1470 2683 1663 2756 ¹primo
1690 2682 1968 2753 adspectu
1998 2684 2229 2737 ridetur
2246 2684 2370 2735 hoc
2407 2685 2727 2755 exemplum

441 2755 519 2807 ob
602 2768 838 2807 ersonae
878 2751 1314 2820 ignobilitatem
1355 2759 1546 2807 minus
1581 2754 1839 2822 illustre,
1908 2772 1979 2807 ac
2019 2772 2199 2823 prope
2238 2756 2566 2823 indignum
2608 2771 2734 2815 esse,

438 2842 557 2896 quo
622 2828 685 2878 in
716 2825 828 2875 hoc
856 2823 1061 2875 ordine
1085 2833 1487 2877 recenseatur:
1544 2831 1938 2892 congruenter
1969 2833 2163 2877 tamen
2194 2841 2389 2894 neque
2419 2827 2527 2879 abs
2560 2842 2629 2877 re
2665 2825 2735 2876 ci-

436 2905 603 2950 tatur
643 2895 716 2945 ab
760 2893 1049 2961 Apostolo.
1135 2894 1433 2947 Hactenus
1480 2896 1768 2962 ostendit,
1817 2896 2225 2960 Patriarchas,
2278 2896 2495 2963 quibus
2536 2895 2733 2948 Iudaei

437 2967 758 3089 glurimum
811 2962 1048 3015 honoris
1099 2977 1168 3014 ac
1189 2983 1194 2990 ¹
1214 2967 1580 3018 reverentiae
1632 2965 2004 3031 deferebant,
2074 2964 2226 3018 nihil
2271 2968 2524 3034 gessisse
2576 2966 2739 3019 laude

481 3038 682 3104 ignum
712 3035 824 3086 nisi
847 3050 951 3101 per
976 3032 1186 3094 fidem3
1241 3051 1624 3106 quaecunque
1655 3037 1764 3087 Dei
1791 3035 2081 3088 beneficia
2108 3051 2248 3103 erga
2277 3053 2375 3087 eos
2404 3045 2742 3089 memoratu

440 3107 618 3176 digna
661 3104 1044 3170 exstiterunt,
1093 3103 1274 3156 fuisse
1317 3106 1576 3158 eiusdem
1621 3104 1762 3157 fidei
1806 3105 2066 3159 effectus.
2144 3106 2321 3158 Nunc
2360 3122 2504 3157 vero
2555 3108 2739 3170 docet,

436 3178 750 3232 mulierem
775 3173 1165 3243 alienigenam
1185 3212 1203 3241 ,
1255 3183 1315 3227 et
1342 3177 1498 3247 apud
1527 3192 1659 3227 suos
1685 3192 1805 3227 non
1832 3176 2071 3229 infimae
2094 3182 2329 3228 tantum
2358 3176 2741 3237 conditionis,

417 3247 537 3310 3s‘ed
576 3262 724 3318 quae
763 3246 1037 3297 meretrix
1076 3244 1307 3313 fuerat,
1360 3247 1422 3298 in
1455 3246 1753 3299 Ecclesiae
1793 3263 2004 3316 corpus
2038 3263 2144 3315 per
2180 3244 2360 3297 fidem
2381 3247 2582 3299 fuisse
2612 3248 2742 3300 insi-

436 3329 578 3369 tam.
649 3314 814 3367 Unde
846 3332 906 3367 se
952 3312 1141 3381 u'itur,
1169 3315 1316 3383 eos,
1367 3316 1464 3385 qui
1489 3318 1740 3368 maxime
1771 3315 2092 3385 excellunt,
2144 3316 2607 3372 nullius‘coram
2632 3319 2745 3370 Deo

444 3387 448 3394 ⁴
479 3385 609 3439 retii
641 3402 794 3451 esse,
836 3385 926 3437 nis
979 3397 1050 3436 ex
1075 3383 1193 3436 fide
1219 3386 1639 3449 aestimentur3
1699 3397 1898 3438 contra
1920 3403 2056 3438 vero
2084 3388 2144 3437 in
2172 3389 2524 3439 societatem
2566 3392 2746 3452 Ange·

462 3474 628 3510 orum
667 3453 934 3522 adoptari
952 3491 969 3519 ,
1020 3455 1118 3524 qui
1142 3456 1297 3506 inter
1321 3457 1602 3525 profanos
1631 3466 1687 3506 et
1714 3455 1995 3525 reprobos
2023 3458 2301 3528 vix¹prius
2331 3457 2542 3510 locum
2573 3458 2747 3509 habe·

434 3530 596 3583 bant.
664 3528 842 3579 Porro
881 3524 1021 3576 fidei
1049 3523 1251 3577 Rahab
1278 3527 1527 3578 Iacobus
1559 3532 1811 3595 quoque‘
1831 3531 1908 3588 (2.
1935 3528 2046 3592 25.)
2076 3528 2748 3582 testimoniumoeedditz

361 3599 372 3606 ”
433 3608 495 3654 et
523 3595 699 3651 facile
726 3607 812 3649 est
839 3610 909 3652 ex
938 3609 1103 3646 sacra
1132 3594 1379 3648 historia
1410 3596 1698 3665 colligere,
1738 3595 2043 3664 mulierem
2067 3595 2220 3666 hanc
2245 3614 2381 3658 vera
2413 3597 2545 3650 fide
2578 3599 2748 3650 fuisse

435 3668 785 3739 praeditam.
871 3664 990 3718 Sibi
1038 3664 1194 3716 enim
1237 3676 1396 3720 certo
1443 3683 1781 3737 persuasum
1823 3685 1943 3720 esse
1982 3667 2326 3734 profitetur,
2360 3668 2553 3739 ⁴quod
2601 3671 2748 3722 Deus

435 3737 714 3791 Israelitis
743 3734 1126 3804 promiserat,
1169 3743 1230 3786 et
1257 3737 1421 3805 quasi
1455 3737 1701 3788 victores
1728 3737 1848 3787 iam
1878 3739 2101 3800 essent,
2141 3755 2283 3805 quos
2312 3747 2515 3789 metus
2552 3739 2639 3790 ab
2667 3754 2745 3788 sc-

353 3803 362 3806 ‘
432 3824 599 3861 cessu
636 3815 825 3870 terrae
869 3803 1249 3873 prohibebat,
1298 3808 1532 3858 veniam
1575 3805 1680 3857 sibi
1719 3823 1788 3857 ac
1815 3806 1930 3859 suis
1961 3806 2087 3860 dari
2110 3808 2296 3874 petit,
2346 3824 2555 3878 neque
2591 3826 2668 3860 ea
2701 3809 2748 3858 in

422 3895 497 3952 're
533 3876 799 3928 homines
840 3874 1218 3939 considerat,
1258 3878 1360 3929 sed
1399 3878 1593 3929 Deum
1636 3877 1844 3942 ipsum·-
1930 3877 2111 3928 Huius
2152 3877 2290 3929 fidei
2333 3880 2752 3931 testimonium

432 3956 560 4013 est,
609 3944 761 4015 quod
801 3961 919 3997 non
950 3945 1077 3996 sine
1103 3947 1254 3996 vitae
1284 3946 1545 4013 periculo
1578 3945 1971 4013 exploratores
2001 3947 2247 4014 hospitio
2275 3947 2516 4015 recipit.
2608 3948 2751 4016 Ergo

431 4013 580 4072 fidei
601 4014 887 4068 beneficio
934 4032 967 4066 a
1015 4016 1313 4067 communi
1352 4016 1511 4069 urbis
1548 4033 1686 4068 suae
1724 4016 1970 4068 interitu
2015 4017 2170 4072 salva
2211 4016 2424 4070 evadit.
2515 4016 2750 4070 Nomen

440 4086 769 4141 meretricis
795 4084 868 4136 ad
903 4085 1381 4154 amplificandam
1408 4086 1523 4139 Dei
1548 4086 1802 4156 gratiam
1831 4087 2088 4155 positum
2117 4095 2224 4143 est.
2292 4086 2449 4139 Sunt
2491 4088 2614 4156 qui
2655 4107 2751 4151 nm

429 4178 662 4228 vertunt
685 4167 974 4241 hospitam
994 4207 1010 4234 ,
1064 4171 1228 4239 quasi
1259 4180 1563 4241 quaestum
1599 4187 1670 4222 ex
1701 4187 1963 4240 caupona
1989 4171 2233 4236 fecerit}
2285 4172 2386 4224 sed
2417 4189 2632 4241 quum
2655 4170 2749 4223 hoc

424 4257 639 4293 nomen
672 4240 895 4316 ubique
923 4239 1225 4308 Scriptura
1255 4258 1361 4309 pro
1389 4242 1702 4295 meretrice
1729 4252 1967 4308 usurpet
1988 4279 2004 4306 ‚
2058 4243 2222 4295 nulla
2260 4252 2348 4299 est
2388 4243 2563 4296 ratio
2586 4282 2609 4310 ,
2662 4253 2751 4292 cur

423 4311 601 4363 aliter
627 4310 742 4362 hoc
784 4309 913 4366 loco
953 4309 1432 4377 interpretemur.
1509 4311 1757 4377 Rabini,
1804 4314 1941 4378 quia
1967 4312 2082 4363 hoc
2109 4314 2430 4364 absurdum
2462 4323 2753 4383 turpeque

393 4397 560 4446 ‚suae
588 4383 749 4448 genti
779 4396 903 4431 esse
932 4379 1248 4447 putabant,
1287 4382 1336 4433 si
1367 4382 1704 4434 dicerentur
1728 4381 2125 4446 exploratores
2162 4379 2505 4435 meretricis
2543 4379 2752 4449 hospi·

403 4445 509 4515 ‘iio
546 4450 637 4505 usi
672 4465 832 4517 esse,
887 4457 1154 4504 coactam
1186 4451 1600 4523 etymologiam
1635 4452 2061 4523 excogitarunt.
2129 4452 2247 4510 Sed
2271 4453 2477 4508 inanis
2507 4455 2642 4509 fuit
2663 4450 2754 4504 ille

1998 4639 2017 4672 N
