2820 4895
516 271 523 278 ἃ
608 247 758 316 Μ)
823 247 1523 320 ΤιΜοΤΗΕυΜ
1568 253 1616 316 1.
1683 249 1970 340 cmv.
2133 325 2136 330 ,
2234 198 2466 320 *εει
2533 223 2538 226 ’

159 420 301 484 hile,
336 433 516 490 quum
543 418 809 487 personis
836 415 1178 474 clausi‘sunt
1211 420 1412 474 oculi.·
1458 420 1899 476 Meminerimus
1927 431 2121 482 autem
2141 462 2158 492 ,
2206 422 2308 476 hic
2332 423 2438 478 sub

157 490 740 558 ¹'l'imotliei„persona
787 488 1091 546 admoneri
1137 507 1335 542 omnes
1368 492 1667 557 Fautores,
1723 503 1779 544 et
1808 495 2181 548 Timotheum
2221 495 2442 558 armari

157 562 329 612 ueluti
368 560 603 628 clypeo,
656 562 930 612 adversus
967 577 1173 629 pravas
1197 575 1397 623 omnes
1427 561 1906 630 ¹sollicitationes,
1963 583 2112 634 quae
2147 580 2265 617 non
2304 581 2442 619 raro

159 631 459 699 plurimum
501 631 718 701 negotii
763 630 1078 682 solent-vel
1118 633 1346 701 optimis
1390 634 1709 702 quibusque
1753 634 2039 688 exhibere.
2126 636 2439 688 Timotheo

157 702 330 769 igitur
361 704 544 753 Deum
579 701 746 770 ponit
777 710 925 752 ante
944 703 1143 753 oeulos
1162 743 1177 770 ,
1222 703 1459 758 ut›sciat
1484 718 1601 752 non
1631 704 1842 755 minori
1872 703 2157 774 religione
2187 708 2295 761 sibi
2330 706 2440 759 ad·-

132 772 596 834 ,ministrandum
639 787 761 823 esse
801 788 961 824 suum
1003 789 1240 839 munus,
1297 789 1471 843 quam
1500 777 1548 823 si
1580 783 1783 841 ageret
1804 776 1870 826 in
1896 779 2208 843 conspectu
2231 779 2350 833 ,Dei
2381 785 2442 829 et

159 839 518 911 Angelorum.
589 842 902 909 Postquam
930 844 1115 894 Deum
1144 843 1500 908 nominavit,
1540 843 1704 894 addit
1729 846 1901 897 etiam
1929 846 2242 899 Christum.
2294 863 2439 900 nam

158 911 203 964 is
230 921 344 978 est,
386 913 479 964 cui
507 914 683 963 Pater
708 925 938 963 omnem
966 914 1261 964 iudicandi
1291 922 1637 986 potestatem
1662 915 1879 966 detulit
1898 928 2011 981 ,-et
2046 933 2245 967 coram
2274 920 2440 970 cuius

158 982 431 1034 tribunali
473 983 650 1034 semel
691 983 1118 1053 apparebimus.
1209 981 1476 1051 Angelos·
1506 982 1735 1055 Christo
1785 987 2080 1054 adiungit,
2148 1002 2265 1037 non
2305 999 2442 1040 tan-

161 1068 327 1120 quam
356 1054 575 1104 iudices
593 1079 615 1117 ,·
661 1054 755 1104 sed
785 1062 1061 1122 tanquam
1087 1054 1314 1104 futuros
1345 1063 1517 1121 testes
1540 1054 1955 1123 negligentiae,
2008 1064 2110 1107 aut
2135 1059 2441 1110 temerita-

114 1135 117 1146 “
159 1124 262 1187 tis,
311 1133 409 1175 aut
436 1123 774 1174 ambitionis
792 1160 807 1186 ,
864 1125 1182 1175 aut-malae
1209 1124 1367 1176 fidei.
1441 1123 1663 1175 Adsunt
1685 1127 1842 1177 enim
1868 1136 2219 1193 spectatores
2238 1164 2253 1190 ‚
2301 1144 2441 1198 pro·

158 1202 282 1260 pter
321 1194 644 1244 iniunctam
684 1194 790 1243 sibi
825 1193 1121 1245 Ecclesiae
1162 1211 1407 1266 curam.¹
1452 1195 1536 1246 Et,
1558 1211 1697 1258 sane
1722 1198 2022 1266 plusquam
2054 1196 2341 1267 stupidum
2380 1206 2441 1250 et
2482 1225 2487 1236 =

161 1271 381 1315 saxeum
416 1280 537 1315 esse
575 1272 834 1330 oportet,
889 1266 981 1317 cui
1021 1281 1136 1317 non
1168 1263 1433 1316 ‘excutiat
1473 1273 1768 1332 torporem
1810 1275 1869 1315 et
1908 1267 2273 1318 oscitantiam
2316 1269 2441 1320 sola

157 1332 297 1383 haec
325 1335 635 1406 cogitatio:
671 1330 964 1385 theatrum
995 1335 1103 1386 Dei
1132 1344 1191 1385 et
1215 1334 1563 1403 Angelorum
1597 1352 1717 1388 esse
1746 1334 2041 1388 Ecclesiae
2067 1338 2445 1404 gubernatio-

157 1417 303 1457 nem.
378 1404 478 1454 ubi
507 1418 637 1453 vero
669 1403 890 1453 accedit
917 1405 1165 1456 solennis
1192 1406 1299 1456 ista
1331 1406 1679 1457 contestatio
1702 1443 1719 1474 ,
1758 1408 2027 1457 timorem
2054 1424 2122 1458 ac
2147 1407 2440 1460 sollicitu-

161 1474 345 1525 dinem
379 1474 665 1541 duplicari
697 1491 928 1525 necesse
960 1484 1064 1527 est.
1140 1476 1378 1526 Electus
1422 1484 1591 1527 vocat
1618 1477 1900 1542 Angelos,
1947 1494 2080 1548 non,
2104 1486 2338 1530 tantum
2377 1486 2445 1531 ut

160 1558 193 1595 a
236 1545 509 1611 reprobis‘
537 1545 857 1609 discernat,
909 1546 1008 1597 sed
1044 1543 1426 1596 excellentiae
1457 1560 1659 1612 causa,
1707 1554 1769 1597 ut
1797 1546 1922 1613 plus
1948 1550 2309 1599 reverentiae
2331 1548 2442 1599 ha-

156 1615 286 1667 heat
313 1631 514 1665 eoru-*m
543 1612 953 1666 testimonium.
1094 1614 1316 1683 Absque
1341 1616 1851 1683 praecipitatione.
1926 1614 2209 1689 πρόκριμα
2241 1619 2440 1671 Grae-2
2473 1631 2484 1646 χ

66 1701 76 1718 ¹
160 1686 283 1749 cis‚·
317 1686 640 1737 siwverhum
675 1685 743 1735 de
772 1684 954 1735 *erbo
989 1684 1311 1750 exprimas,
1370 1684 1580 1735 Latine
1611 1685 1776 1737 sonat
1815 1688 2255 1754 praeiudicium.
2326 1689 2440 1739 Ve-

160 1770 279 1806 rum
318 1756 514 1822 potius
558 1755 853 1823 significat
895 1754 1329 1804 festinationem
1369 1752 1646 1821 nimiam,
1705 1756 1840 1805 dum
1881 1774 1946 1808 re
1987 1758 2247 1810 nondum
2286 1758 2445 1811 beno

162 1836 454 1895 perspecta
490 1835 710 1876 temere
738 1826 1206 1892 pronuntiamus:
1271 1833 1371 1875 aut
1409 1824 2114 1892 significat‘immodicum
2153 1829 2439 1895 faverem,

142 1905 333 1964 ,quum
374 1897 692 1948 deferimus
771 1896 990 1964 arsonis
1026 1895 1332 1964 plusquam
1378 1905 1628 1960 aequum
1673 1903 1788 1960 est,
1822 1895 1931 1952 ‘vdl
1974 1899 2117 1951 alios
2160 1908 2445 1967 tanquam

163 1965 392 2018 eximios
423 1967 557 2017 aliis
583 1913 993 2032 praeferimus:
1035 1965 1188 2032 quod
1213 1965 1274 2014 in
1303 1963 1529 2016 iudiciis
1557 1981 1782 2030 semper
1812 1975 1899 2016 est
1924 1968 2204 2038 iniquum.
2280 1971 2441 2037 Ergo

163 2034 254 2085 hic
291 2037 377 2088 vel
415 2037 711 2087 levitatem
733 2074 749 2101 ,
800 2037 887 2085 vel
908 2050 1288 2103 personarum
1320 2037 1721 2101 acceptionem
1750 2035 1989 2087 damnat
2017 2039 2247 2091 Paulus.
2325 2041 2443 2091 Eo-

165 2105 292 2155 dem
323 2117 546 2173 spectat
576 2107 701 2157 fere
735 2107 890 2175 'quod
920 2105 1216 2172 sequitur,
1271 2120 1384 2153 non
1428 2121 1548 2156 esse
1584 2104 1699 2154 huc
1730 2105 1818 2155 vel
1842 2107 1981 2159 illuc
2011 2109 2445 2163 declinandum.

162 2176 283 2228 Dici
329 2179 488 2227 enim
533 2178 625 2226 vix
667 2184 883 2243 potest,
939 2191 1111 2243 quanm
1159 2172 1470 2224 difficulter
1510 2192 1570 2226 se
1610 2175 1938 2238 retineant,
1999 2182 2098 2249 qui
2138 2178 2445 2232 iudicandi

162 2259 360 2297 munus
389 2248 675 2299 sustinent
696 2283 713 2311 ,
759 2247 913 2297 inter
943 2255 1026 2297 tot
1056 2261 1125 2296 ac
1159 2254 1276 2294 tam
1312 2245 1503 2295 varios
1534 2244 1828 2310 impulsus.
1904 2247 2180 2302 Nonnulli
2209 2250 2443 2302 codices

161 2315 369 2369 habent
398 2312 751 2386 πρόςκλῃσιν.
827 2305 936 2367 Sed
966 2317 1126 2385 prior
1149 2316 1325 2365 lectio
1359 2316 1541 2383 magis
1570 2317 1859 2367 convenit.
1905 2383 1912 2386 Α
2377 2335 2382 2342 ·

192 2474 197 2483 ·
264 2474 270 2479 ·
323 2443 427 2506 22.
478 2437 725 2501 Manus
760 2438 898 2500 cito
935 2439 1130 2501 necui
1160 2418 1763 2522 imponam-neque
1793 2442 2249 2504 communices
2278 2461 2456 2525 pec·
2534 2412 2542 2446 ἶ

166 2526 327 2597 catis
367 2525 628 2587 alienis.
715 2526 1151 2607 temetipsum
1196 2543 1444 2606 purum
1482 2523 1767 2597 custodi.
1855 2527 1955 2586 23.
2005 2525 2108 2586 Ne
2153 2524 2458 2608 posthac*

165 2609 343 2691 bibas
400 2627 677 2695 aquam:
749 2608 867 2670 sed
921 2607 1198 2693 paululo
1249 2612 1409 2674 vino
1458 2620 1648 2671 utere
1691 2619 1977 2692 propter
2020 2607 2456 2672 stomachum
2549 2674 2568 2693 ἢ,

165 2703 390 2772 tuum,
423 2707 517 2757 set
565 2693 829 2773 crebras
861 2704 1007 2755 tuas
1046 2694 1490 2758 infirmitates.
1564 2693 1673 2761 124.
1722 2690 2169 2773 Quorundam
2215 2692 2455 2755 homi-

165 2799 320 2841 nurn
361 2792 637 2865 peccata
674 2772 837 2841 ante
875 2770 1232 2841 manifesta
1256 2776 1473 2855 sunt,
1528 2775 1917 2843 festinantia
1959 2777 2042 2841 ad
2081 2778 2455 2841 iudicium:

156 2864 231 2924 'in
283 2864 680 2943 quibusdam
735 2872 896 2924 vero
952 2866 1154 2923 etiam
1210 2863 1731 2944 subsequuntur.
1834 2862 1935 2925 25.
1992 2862 2321 2926 Similiter
2377 2871 2452 2945 et,

165 2946 332 3009 bona
363 2958 570 3033 opera
595 2959 749 3009 ante
779 2944 1128 3010 manifesta
1156 2959 1348 3026 sunt,
1376 2961 1464 3011 *et
1490 2964 1659 3031 quae
1688 2956 1879 3012 secu's
1907 2946 2194 3025 habent,
2231 2945 2450 3012 latere

170 3045 533 3115 nequeunt.
1535 3042 1542 3051 ‘
2293 3056 2302 3065 ²

299 3149 384 3201 22.
450 3147 672 3199 Manus
711 3138 827 3198 cito
867 3150 1034 3211 necui
1073 3150 1357 3213 imponas.
1449 3149 1580 3199 Non
1620 3147 1859 3199 dubium
1902 3157 2028 3215 est,
2072 3146 2210 3218 quin
2255 3145 2454 3216 depel-

171 3215 287 3273 lere
320 3235 350 3267 a
381 3219 689 3269 Timotheo
719 3216 995 3268 invidiam
1028 3218 1307 3283 voluerit,
1346 3227 1406 3268 et
1434 3219 1661 3271 obviam
1694 3220 1785 3270 ire
1815 3220 2017 3271 multis
2046 3216 2451 3289 querimoniis,

171 3303 316 3354 quae
360 3289 606 3345 subinde
652 3287 916 3339 oriuntur
956 3289 1224 3340 adversus
1268 3289 1391 3356 pios
1434 3288 1651 3341 Christi
1692 3305 1915 3349 servos,
1980 3293 2080 3359 qui
2125 3287 2454 3340 ambitiosis

174 3360 502 3423 quorumvis
532 3359 796 3423 precibus
831 3360 1068 3428 obsequi
1102 3368 1388 3410 recusant.
1462 3361 1613 3412 Nam
1643 3359 1742 3424 alii
1770 3360 2131 3412 morositatis
2170 3375 2267 3410 eos
2307 3357 2456 3408 insi-

174 3427 429 3488 mulant,
488 3429 585 3480 alii
617 3428 906 3492 invidiae,
959 3429 1229 3481 nonnulli
1269 3430 1445 3480 etiam
1485 3431 1744 3481 crudeles
1774 3447 1897 3481 esse
1926 3431 2263 3494 clamitant,
2316 3427 2461 3497 quia,

173 3510 283 3546 non
316 3498 517 3550 statim
548 3499 895 3561 admittant,
946 3502 1042 3568 qui
1069 3517 1129 3550 se
1163 3501 1472 3563 venditant¹
1496 3501 1881 3567 qualicunque
1911 3495 2458 3550 commendationes

177 3568 324 3634 quod
355 3567 532 3618 hodie
573 3568 705 3635 plus,
741 3569 880 3619 satis
919 3571 1267 3637 experimur.
1352 3571 1559 3625 Paulus
1603 3586 1739 3639 ergo
1777 3570 2149 3622 Timotheum
2188 3570 2460 3627 hortatur

175 3650 244 3684 ne
273 3654 303 3689 a
330 3639 608 3704 gravitate
639 3638 926 3702 discedat,
963 3658 1072 3691 nec
1098 3657 1154 3689 se
1179 3639 1431 3707 patiatur
1460 3642 1611 3693 vinci
1627 3643 2021 3708 praeposteris
2054 3640 2295 3691 studiis:
2336 3654 2458 3689 non

176 3712 287 3756 tam
329 3708 482 3774 quod
525 3724 665 3776 opus
708 3707 951 3759 haberet
990 3712 1329 3762 Timotheus
1374 3712 1659 3764 eiusmodi
1698 3711 2128 3775 admonitione,
2178 3725 2354 3779 quam
2393 3716 2462 3763 ut

180 3790 275 3824 sua
315 3778 666 3830 auctoritate
702 3790 1034 3842 compescat
1079 3782 1174 3849 qui
1219 3781 1361 3831 alias
1402 3783 1514 3848 ipsi
1541 3781 1852 3833 Timotheo
1883 3780 2109 3832 molesti
2137 3797 2259 3832 esse
2292 3787 2470 3844 poter.

180 3853 324 3894 rant.
397 3849 655 3900 Primum
698 3848 999 3915 impositio
1037 3867 1311 3902 manuum
1351 3852 1788 3904 ordinationem
1827 3851 2147 3919 significat:
2197 3850 2311 3901 hoc
2354 3855 2462 3914 est,

183 3914 402 3981 signum
431 3935 534 3984 pro
564 3935 629 3968 re
659 3916 784 3985 ipsa
813 3921 1057 3983 capitur.
1129 3920 1409 3973 Prohibet
1453 3922 1609 3973 enim
1633 3959 1649 3988 ,
1701 3937 1987 3989 nequem,
2038 3922 2230 3972 minus
2271 3919 2464 3970 adhuc

180 3987 478 4049 probatum
501 4026 517 4051 ‚
556 3990 739 4043 nimia
777 3989 1063 4041 facilitate
1104 3991 1399 4044 admittat.
1474 3993 1619 4044 Sunt
1649 3992 1799 4041 enim
1830 3992 1932 4058 qui
1959 3992 2237 4043 novitatis
2271 3987 2462 4040 studio
2539 4052 2542 4059 Α
2589 3990 2594 4005 ‘

183 4060 501 4118 promoveri
535 4069 811 4124 cuperent
845 4061 930 4111 vel
958 4062 1387 4128 ignotissimum
1416 4079 1699 4131 quemque
1717 4099 1734 4123 ‚,
1784 4060 2131 4132 simulatque
2168 4060 2463 4129 specimen

185 4137 356 4176 unum
378 4128 465 4186 vel
486 4129 732 4179 alterum
760 4129 1209 4199 ediderit,1quod
1237 4131 1507 4195 arrideat.
1578 4131 1736 4183 Huic
1756 4131 2127 4214 importunae
2156 4129 2468 4198 cupiditati

185 4206 409 4256 gravem
449 4205 507 4247 et
544 4187 887 4267 pruilentem
924 4200 1270 4270 Episcopum
1307 4202 1579 4253 resistere
1601 4212 1921 4254 convenit:
1971 4198 2472 4272 quemadmodum.

185 4260 277 4313 hic
315 4266 525 4318 Paulus
565 4268 727 4320 iubet
756 4268 1123 4324 Timotheum
1163 4271 1376 4322 facere.
1497 4273 1715 4339 .Neque
1745 4274 2160 4323 communices.
2236 4268 2474 4338 Signifi-

188 4342 281 4383 cat
307 4336 509 4388 eodem
536 4336 831 4407 implicari
854 4349 1054 4406 reatu,
1148 4342 1209 4393 ui
1234 4340 1480 4394 illicitae
1507 4342 2243 4406 promotionieassentitut,
2295 4347 2471 4420 “tvm

122 4420 125 4421 ⁷
188 4399 342 4470 ipsos
368 4408 1029 4479 praecipuos‘auctorea.
1066 4456 1071 4463 .
1174 4427 1470 4482 uanquam
1511 4411 1597 4463 ita
1634 4420 1933 4481 exponunt
1957 4411 2243 4498 quidpmz
2293 4410 2340 4462 ’ἱ
2376 4425 2474 4463 ¹¹²·

850 4582 860 4607 Ι
886 4612 889 4625 Ι
