2820 4895
825 260 967 330 an
1029 261 1389 332 ‘mrum
1462 263 1707 340 emt
1782 356 1785 359 ⁷
2008 212 2021 220 χ
2294 261 2487 343 84⁵4

131 442 315 491 status
345 441 464 500 est,
503 431 721 501 uthoc
747 431 844 486 illi
866 432 960 487 ins
992 433 1426 487 concederetur
1444 432 1522 485 'ab
1547 431 1706 487 aliisi
1749 432 1832 501 ita
1863 447 2044 499 nunc,
2083 429 2226 502 quid
2254 448 2426 501 prae·

133 501 479 571 scripserit,
513 513 752 569 narrat,
791 518 867 554 ne
887 502 1189 555 malorum
1222 501 1545 554 calumniis
1578 502 1674 553 vel
1705 501 2131 575 imperitorum
2159 500 2423 555 invidiae

134 574 396 640 exposita
436 572 511 624 sit
533 564 678 624 ‘eius
717 570 1018 624 severitas.
1103 572 1421 633 Caeterum
1449 571 1587 641 quia
1615 571 1776 623 locus
1809 572 1909 625 hic
1937 572 2100 641 quasi
2125 570 2189 623 in
2214 570 2425 643 tabula

129 641 447 710 imaginem
483 639 741 708 legitimi
764 640 1065 708 ,Episcopi
1099 640 1268 696 nobis
1306 636 1599 713 depingit,
1659 639 1982 709 diligenter
2023 639 2441 692 observandus*

73 755 78 761 .
133 722 236 763 est.
309 708 460 778 Quia
485 718 687 761 tamen
706 745 724 775 ,
762 724 914 778 quae
938 706 1395 774 hic“habentur,
1449 709 1514 760 in
1541 711 1744 775 priore
1775 710 1848 762 ad
1876 709 2264 761 Timotheum
2294 707 2424 777 epi·
2448 750 2459 753 μ

65 842 72 845 Δ
131 779 282 832 stola
312 776 510 830 omnia
539 777 669 830 fere
693 779 971 846 exposui,
1020 794 1180 830 nunc
1206 776 1425 828 leviter
1455 778 1761 846 attingere
1786 779 1927 830 satis
1953 778 2161 830 fuerit.
2236 774 2426 846 Ἀνέν-

132 849 329 914 aelmon
365 845 692 915 intelligit,
745 864 871 900 non
897 847 998 917 qui
1025 848 1096 899 ab
1128 846 1290 900 omni
1318 846 1463 898 vitio
1490 847 1568 898 sit
1595 847 1881 901 immunis
1918 847 2084 911 (talis
2127 845 2293 898 enim
2330 847 2428 898 iu-

131 915 322 969 veniri
348 932 524 967 nemo
553 932 803 985 usquam
834 914 1055 985 poss‘et)
1073 952 1090 983 ,
1130 916 1236 967 sed
1261 915 1365 985 qui
1396 916 1565 967 nulla
1592 914 1839 968 infamia
1864 923 2107 983 notatus
2136 915 2234 981 sit,
2274 931 2426 984 quae

130 985 221 1036 illi
270 984 696 1038 auctoritatem
739 982 1014 1057 deroget.
1101 983 1244 1037 Vult
1286 1000 1431 1054 ergo
1469 985 1741 1052 integrae
1785 1001 1912 1037 esse
1956 984 2463 1037 existimationiss

132 1055 251 1106 Cur
276 1053 481 1106 iubeat
508 1055 683 1104 unius
714 1055 916 1109 uxoris
943 1054 1215 1104 maritum
1245 1069 1388 1119 esse,
1428 1052 1492 1104 in
1520 1056 1722 1122 priore
1750 1054 1821 1106 ad
1839 1053 2106 1106 Timoth.
2136 1053 2313 1120 epist.
2338 1051 2430 1106 di·

131 1122 344 1175 ximus.
394 1121 567 1175 Trita
587 1124 732 1175 adeo
749 1122 926 1181 “inter
944 1123 1191 1176 Iudaeos
1218 1121 1562 1190 polygamia
1590 1131 1739 1190 erat,
1774 1132 1842 1177 ut
1857 1134 2040 1191 prava
2056 1122 2424 1174 consuetudo

130 1192 193 1243 in
219 1191 415 1258 legem
448 1192 876 1259 propemodum
905 1207 1073 1244 versa
1100 1199 1273 1243 esset.
1344 1190 1402 1242 Si
1432 1193 1562 1261 quis
1589 1192 1762 1256 duas,
1799 1193 2152 1261 priusquam
2183 1191 2426 1242 Christo

131 1276 345 1312 nomen
383 1260 673 1325 dedisset,
724 1275 938 1312 uxores
973 1262 1252 1326 duxerat,
1301 1275 1437 1311 eum
1476 1275 1692 1328 cogere
1723 1261 1794 1312 ad
1828 1261 2078 1313 alteram
2106 1258 2451 1329 repudianw

132 1329 276 1381 dam
289 1327 502 1380 fuisset
524 1328 953 1402 inliumanums
1003 1329 1210 1398 itaque
1237 1330 1397 1398 quod
1425 1320 1655 1398 alioqui,
1677 1328 1965 1382 vitiosum=
1998 1337 2129 1380 erat
2148 1366 2166 1395 ,
2203 1327 2429 1381 tolera-

130 1397 270 1451 bant
298 1397 604 1465 Apostoli,
644 1397 783 1466 quia
805 1396 1124 1464 corrigere*
1146 1413 1268 1447 non
1297 1407 1595 1464 poterant.
1681 1398 1760 1450 Et
1786 1399 1887 1467 qui
1916 1396 2132 1450 se'iam
2153 1395 2430 1464 implica-

131 1476 338 1519 verant
374 1465 708 1534 multiplici
737 1466 1067 1535 ·coniugio,
1120 1465 1360 1518 etiamsi
1400 1474 1641 1519 retenta·
1673 1466 1850 1519 unica
1888 1483 2073 1519 uxore
2109 1465 2428 1536 poeniten-

130 1534 276 1587 tiam
302 1552 472 1588 suam
503 1534 712 1587 testari
738 1535 932 1609 parati
957 1541 1185 1587 essent:
1228 1534 1519 1586 dederant
1541 1542 1742 1591 tamen
1765 1535 2266 1603 intemperantiae
2280 1549 2428 1586 suae

131 1602 399 1673 signum,
443 1604 601 1675 quod
629 1614 826 1673 posset
857 1620 1064 1656 eorum
1089 1604 1283 1655 famae
1311 1613 1515 1673 uptam
1546 1603 1807 1674 aliquam
1829 1604 2094 1657 inurere.
2168 1602 2429 1655 Perinde

134 1682 220 1724 est
253 1672 471 1741 igitur,
517 1690 589 1725 ac
626 1672 674 1724 si
708 1671 949 1724 iuberet
975 1671 1194 1725 Paulus
1234 1688 1336 1724 eos
1369 1672 1555 1741 eligi,
1591 1674 1691 1741 qui
1720 1673 1938 1741 pudice
1968 1670 2428 1731 matrimonium

132 1741 425 1793 coluerint
472 1742 736 1794 contenti
775 1740 1024 1808 singulis
1062 1740 1387 1806 uxoribus,
1435 1751 1674 1794 arceret
1715 1751 1914 1795 autem
1957 1754 2116 1806 eos,⁴
2165 1750 2428 1809 quorum

132 1809 312 1863 libido
347 1810 415 1861 in
454 1809 661 1881 plures
703 1825 920 1862 uxores
963 1819 1228 1878 grassata
1270 1810 1475 1862 fuerit.
1564 1813 1802 1863 Interea
1828 1828 1970 1863 vero
2008 1809 2119 1880 qui
2145 1808 2429 1862 defuncta

131 1894 310 1932 uxore
350 1879 612 1932 alteram
648 1880 766 1930 iam
807 1879 1040 1930 caelebs
1078 1877 1345 1944 inducit,
1384 1878 1786 1933 nihilominus
1817 1879 1992 1932 unius
2019 1879 2224 1930 uxoris
2250 1877 2432 1930 mari-

73 1984 82 1999 .
132 1956 224 1999 tus
265 1946 500 1999 censeri
541 1947 735 1999 (lebet.
819 1949 951 2000 Non
990 1948 1146 2000 enim
1186 1947 1528 2015 eligendum
1568 1948 1775 2013 docet,
1826 1949 1926 2017 qui
1955 1946 2145 2000 fuerit
2175 1946 2426 1999 maritus

134 2016 300 2069 unius
329 2015 567 2082 uxoris,
602 2016 705 2067 sed
732 2015 835 2085 qui
859 2015 960 2069 sit.
1117 2017 1363 2068 Liberos
1392 2017 1607 2067 habens
1625 2018 1683 2084 fi
1688 2017 1864 2069 deles.
1948 2018 2146 2086 Quum
2174 2014 2432 2083 pruden-

101 2085 215 2139 .tia
253 2096 308 2136 et
343 2085 605 2154 gravitas
640 2085 983 2153 requiratur
1019 2083 1081 2136 in
1110 2085 1392 2148 Pastore,
1442 2083 1570 2141 eius
1598 2084 1903 2153 specimen
1933 2084 2000 2136 in
2033 2083 2263 2145 familia
2298 2100 2430 2151 spe-

136 2154 286 2205 ctari
308 2154 608 2207 convenit.
683 2154 836 2207 Nam
862 2154 966 2223 qui
996 2153 1235 2205 domum
1265 2170 1431 2206 suam
1458 2168 1668 2222 regere
1697 2170 1816 2205 non
1842 2162 2076 2221 potest,
2124 2151 2431 2223 quomodo

136 2224 428 2291 regendae
475 2222 779 2274 Ecclesiae
822 2239 932 2290 par
971 2222 1131 2274 erit?
1199 2222 1405 2275 deinde
1451 2238 1570 2273 non
1612 2221 1808 2290 ipsum
1854 2223 2031 2276 modo
2076 2223 2431 2289 Episcopum

138 2292 350 2359 probro
395 2307 635 2357 carere,
684 2290 789 2344 sed
820 2301 1011 2343 totam
1049 2291 1291 2343 domum
1332 2291 1499 2359 quasi
1541 2291 1824 2343 honestae
1853 2301 1914 2343 et
1942 2300 2138 2344 castae
2165 2289 2431 2357 discipli·
2468 2302 2472 2306 ·

107 2375 240 2434 ’φο
263 2361 571 2426 speculum
594 2376 721 2412 esse
751 2360 1015 2429 oportet:
1097 2360 1239 2411 Ideo
1271 2359 1344 2411 ad
1369 2360 1748 2412 Timotheum
1777 2376 1894 2412 non
1922 2361 2116 2412 minus
2145 2366 2431 2413 accurate
2528 2404 2529 2411 ,

136 2430 424 2483 uxoribus
466 2428 797 2497 praecipit,
829 2481 830 2486 ,
886 2429 1052 2483 uales
1097 2445 1220 2481 esse
1259 2428 1532 2483 debeant.
1603 2428 1869 2483 Primum
1898 2444 2037 2481 vero
2064 2428 2173 2496 hic
2193 2427 2255 2480 in
2279 2426 2436 2480 lihe-

138 2498 220 2550 ris
247 2497 538 2568 requirit,
576 2506 642 2550 ut
669 2498 788 2551 sint
812 2499 854 2552 fi
898 2498 1018 2551 eles
1038 2536 1053 2564 ,
1089 2498 1249 2549 unde
1280 2507 1597 2566 appareat,
1637 2497 1696 2549 in
1725 2515 1866 2550 sana
1889 2498 2126 2567 pietatis
2157 2496 2433 2568 doctrina

139 2577 196 2620 et
219 2567 443 2619 timore
470 2567 719 2619 Domini
747 2585 872 2621 esse
902 2567 1202 2620 educatos.
1275 2567 1570 2632 Secundo,
1612 2583 1690 2617 ne
1715 2564 1834 2618 sint
1859 2566 2089 2635 profusi
2114 2567 2177 2619 in
2202 2566 2433 2632 luxum,

140 2645 203 2687 ut
239 2638 376 2696 hinc
415 2637 658 2705 quoque
693 2637 936 2705 agnosci
968 2641 1149 2708 queat
1177 2644 1518 2705 temperans
1547 2645 1606 2687 et
1631 2635 1881 2706 frugalis
1914 2636 2212 2689 educatio.
2284 2637 2434 2687 Ter·

139 2702 255 2770 tio,
299 2722 376 2757 ne
415 2704 546 2757 sint
577 2707 980 2773 ,immor-igni,
1036 2706 1178 2775 quia
1219 2705 1316 2758 vix
1359 2706 1647 2774 populum
1690 2705 1862 2757 freno
1904 2701 2253 2774 disciplinae
2289 2719 2434 2756 con·

140 2772 386 2852 tineret,
449 2774 554 2843 qui
594 2790 630 2828 a
662 2774 877 2829 liberis
914 2776 1146 2829 nullam
1190 2775 1586 2827 reverentiam
1620 2774 1714 2826 vel
1755 2773 2188 2854 subiectionem
2232 2780 2435 2845 potest

140 2853 481 2912 impetrare.
1732 2870 1750 2880 —

304 2985 365 3073 7'.
419 3000 489 3067 Ο
542 3014 721 3075 ortet
758 3005 941 3068 enim
975 3001 1395 3089 Episcopum
1442 3023 1592 3068 esse
1632 3022 1672 3066 a
1712 3005 1997 3078 crimine
2032 3004 2432 3092 immunem,
2468 3004 2473 3008 ’

146 3096 456 3172 tanquam
575 3092 634 3153 ei
679 3109 1165 3166 oeconomum,
1231 3109 1374 3151 non
1416 3087 1901 3173 praefractum,
1967 3108 2104 3151 non
2149 3091 2436 3150 iracun-

148 3171 336 3249 dum,
385 3192 531 3236 non
571 3176 920 3254 vinosum,
976 3194 1113 3236 non
1157 3193 1669 3258 percussorem,
1728 3194 1867 3236 non
1901 3176 2201 3257 turpiter
2236 3170 2446 3236 lucro.

148 3253 477 3340 deditum3
568 3261 629 3321 8.
679 3258 818 3322 Sed
847 3256 1289 3343 hospitalem,
1332 3258 1713 3322 studiosum
1744 3260 1898 3321 beni
1952 3260 2205 3333 nitatis,
2247 3268 2435 3319 tem·-

194 3353 508 3417 erantem,
549 3345 828 3422 iustum,
869 3353 1201 3420 sanctum,
1244 3342 1704 3421 moderatum,
1784 3346 1845 3407 9.
1958 3339 2436 3426 enacemvfide-

177 3425 227 3487 ‘s
266 3429 630 3504 sermoniS‚
700 3432 816 3511 qui
864 3428 1236 3492 secundum
1284 3426 1667 3492 doctrinam
1699 3438 1873 3505 lest,
1908 3439 2005 3491 -ut
2044 3437 2291 3513 potens
2343 3427 2437 3488 sit

148 3517 214 3607 et
255 3510 603 3575 exhortari
645 3533 770 3598 per
811 3512 1193 3582 doctrinam
1236 3530 1512 3590 sanam,
1568 3525 1637 3577 et
1678 3512 2220 3577 contradicentes
2260 3529 2438 3573 con-

151 3610 444 3658 vincere.
859 3603 868 3614 '
1966 3617 1985 3629 ³

281 3728 336 3782 7.
412 3729 654 3797 Oportet
680 3731 1050 3798 Episcopum.
1133 3734 1361 3785 Iterum
1387 3732 1648 3800 repetit,
1703 3747 1838 3797 eos,
1895 3728 1996 3799 qui
2032 3729 2102 3781 ad
2133 3727 2441 3797 episcopa-

151 3801 275 3848 tum
317 3800 652 3868 adspirant,
700 3800 916 3853 debere
955 3800 1227 3852 illaesam
1268 3803 1490 3855 famam
1526 3801 1779 3867 afferre,
1829 3799 2006 3869 idque
2033 3795 2271 3850 ratione
2296 3814 2441 3849 con-

150 3861 377 3940 firmat,
429 3868 568 3937 quia
588 3905 604 3934 ‚
655 3886 835 3938 quum
865 3868 1129 3920 Ecclesia
1158 3872 1236 3922 sit
1261 3870 1610 3923 domuquei
1629 3903 1646 3934 ,
1693 3865 2110 3937 quisquiseius
2140 3868 2440 3936 guberna-

150 3933 296 3984 tioni
340 3935 723 4003 praeficitur,
775 3935 963 3989 veluti
1005 3954 1367 3991 oeconomus
1401 3939 1518 3992 Dei
1565 3937 1977 3990 constituitur.
2064 3936 2240 4004 Atqui
2283 3933 2442 3986 male

152 4000 383 4054 audiret
409 4005 569 4057 inter
595 4005 868 4058 homines
886 4042 903 4071 ,
941 4005 1046 4076 qui
1083 4024 1480 4060 oeconomum
1508 4015 1833 4058 assumeret
1865 4005 2222 4071 probrosum
2253 4011 2312 4054 et
2340 4004 2469 4056 ad-.

153 4083 348 4123 versae
373 4071 570 4126 famae
595 4091 612 4128 t
663 4075 842 4141 longe
873 4091 1014 4142 ergo
1043 4079 1235 4145 magis
1265 4077 1582 4147 indignum
1609 4082 1672 4127 et
1707 4073 1902 4126 minus
1932 4072 2286 4135 tolerabile,
2328 4068 2444 4124 Dei

152 4131 417 4191 familiae
441 4142 589 4194 tales
617 4142 853 4213 imponi
885 4144 1245 4208 praefectos.
1316 4148 1552 4200 Nomen
1581 4142 2046 4211 Dispensatoris,
2086 4140 2246 4211 quod
2270 4141 2447 4200 Eras-

153 4217 277 4258 mus
299 4208 376 4274 ab
405 4210 663 4281 Antiquo
695 4213 1032 4280 interprete
1059 4216 1315 4294 positum
1342 4212 1601 4266 retinuit
1618 4249 1634 4276 ‚
1684 4212 1924 4265 minime
1961 4208 2246 4278 exprimit
2273 4205 2443 4259 Pauli

156 4284 429 4334 multem.
498 4280 650 4335 Nam
682 4297 799 4351 quo
831 4280 1024 4332 maior
1053 4298 1118 4334 in
1152 4282 1433 4336 habendo
1461 4282 1696 4335 delectu
1725 4280 2081 4333 adhibeatur
2109 4293 2285 4342 cura,
2321 4276 2442 4326 hoc

81 4377 86 4386 ,
154 4347 273 4395 tem
310 4340 646 4402 honorifico
685 4347 958 4403 encomio
998 4352 1407 4421 episcopatum
1442 4358 1667 4416 ornat,
1721 4347 1879 4419 quod
1927 4349 2010 4402 sit
2061 4344 2444 4416 praefectura

157 4405 360 4470 ‘lomus
397 4415 556 4483 Dei,
603 4417 783 4474 sicuti
822 4417 897 4473 ad
936 4418 1319 4476 Timotheum
1359 4419 1434 4486 (1.
1464 4417 1624 4475 Tim.
1653 4417 1709 4485 3.
1737 4417 1885 4485 1502
1948 4418 2031 4471 Ut
2062 4415 2249 4482 scies,
2298 4426 2446 4483 quo-
