2820 4895
585 161 617 184 Χ

359 226 489 292 280
670 195 703 278 ἶ
773 249 782 283 x
874 178 1710 306 ·1,N⁶EplsTQLAE
1784 224 2158 314 PAULi

366 392 528 446 enim
555 393 718 462 quod·
736 394 995 447 muneris
1024 393 1335 448 difficultas
1363 396 1544 463 facit,
1582 404 1650 448 ut
1674 395 1973 450 interdum
2002 396 2092 448 vel
2123 393 2540 459 succumbant,
2572 389 2659 446 vel

363 464 652 530 titubent,
693 464 1169 531 vel-claudicent,
1210 468 1301 518 vel
1329 466 1792 537 hallucinent'un,
1827 468 1981 520 unde
2008 466 2222 520 multas
2252 464 2531 532 carpendi
2560 479 2658 515 an·

319 551 325 566 ’
372 551 465 588 aas
506 535 797 603 arripiunt
825 537 1109 603 improbi:
1159 536 1272 587 huc
1311 539 1492 589 etiam
1534 540 1763 592 accedit
1806 539 1997 608 quod,
2051 538 2421 606 quantumvis
2465 544 2661 587 exacte

370 603 701 673 fungantur-²
729 604 1183 674 suisrpartibus,
1234 616 1299 659 ut
1338 625 1413 659 ne
1440 607 1743 662 minimum
1773 610 2008 676 quidem
2040 618 2296 660 erratum
2323 606 2659 671 admittant,

370 691 667 744 nunquam
699 675 854 727 mille
879 677 1359 746 reprehensiones
1386 678 1692 746 effugiunt.
1762 681 1949 747 Atque
1980 678 2078 730 hic
2107 688 2193 730 est
2219 675 2372 730 astus
2392 678 2660 741 Satanae,

371 746 635 799 alienare
677 745 983 798 hominum
1028 748 1256 799 animos
1299 764 1333 797 a
1361 749 1690 813 Ministris,
1747 757 1808 798 ut
1847 750 2111 800 doctrina
2156 749 2442 817 paulatim
2485 748 2667 803 veniat

371 817 438 869 iu
482 826 905 884 contemptum.
964 820 1068 869 .Ita
1106 835 1222 869 non
1266 826 1494 869 tantum
1538 819 1851 871 sitiniuria
1882 821 2323 884 innocentibus,
2374 817 2532 886 quod
2561 817 2668 867 im-

372 887 583 940 merito
609 887 882 948 ,laeditur
922 903 1123 939 eorum
1164 888 1515 939 existimatio
1560 890 1738 958 (quod
1776 898 1973 940 tamen
2016 891 2208 957 ipsum
2250 904 2537 958 perquam
2579 887 2664 938 ine
2753 929 2756 934 .

313 978 320 986 “
373 957 613 1025 dignum
656 968 743 1008 est
783 958 841 1009 in
873 967 991 1008 tam
1022 957 1264 1010 honesto
1294 959 1561 1025 ordine),
1620 960 1718 1011 sed
1760 959 2086 1011 detrahitur
2118 960 2441 1011 auctoritas
2476 971 2667 1009 sacro-

375 1035 612 1080 sanctae
648 1027 762 1079 Dei
805 1029 1125 1080 doctrinae.
1199 1033 1381 1097 Atque
1425 1030 1485 1080 id
1526 1030 1837 1097 praecipue
1880 1035 1969 1098 (ut
2013 1031 2156 1097 dixi)
2197 1030 2440 1081 molitur
2474 1027 2666 1079 Satan.

372 1099 579 1167 Neque
622 1097 778 1149 euim
805 1097 904 1149 hic
928 1109 1157 1151 tantum
1195 1098 1349 1149 valet
1378 1099 1523 1150 illud
1554 1100 1847 1164 Platonis,
1901 1102 2236 1167 Malignum
2284 1116 2408 1150 esse
2453 1098 2668 1163 vulgus,

375 1184 448 1224 ιο
472 1170 983 1234 praestantioribus
1014 1172 1074 1221 in
1087 1169 1304 1221 videre:
1345 1169 1447 1220 sed
1473 1186 1585 1236 quo
1616 1171 1896 1221 sincerius
1936 1172 2178 1242 quisque
2208 1172 2515 1221 Pastorum
2544 1182 2665 1235 pro·

375 1255 613 1290 movere
642 1239 856 1291 *studet
892 1256 1147 1308 regnum⁸
1168 1238 1377 1291 Christi
1398 1276 1415 1306 ,
1472 1256 1538 1290 eo
1579 1242 1799 1291 maiore
1834 1251 2110 1292 oneratur
2148 1240 2399 1305 invidia,
2453 1248 2512 1289 et
2547 1252 2666 1305 pro·

376 1318 470 1361 ter
530 1325 659 1360 ores
700 1311 969 1361 adversus
1000 1327 1132 1361 eum
1161 1308 1310 1361 fiunt
1337 1308 1600 1361 insultus.
1675 1311 1797 1361 Iam
1831 1327 1963 1363 vero
1993 1312 2344 1378 simulatque
2373 1307 2572 1377 aliqua
2602 1306 2662 1356 de

383 1379 562 1432 Verbi
602 1378 884 1446 ministris
920 1380 1255 1432 criminatio
1280 1379 1471 1445 -exiit,
1523 1378 1766 1448 perinde
1806 1395 1878 1430 ac
1923 1382 1970 1431 si
2012 1384 2131 1434 iarn
2170 1379 2421 1431 convicti
2465 1381 2666 1439 forent,

382 1459 546 1502 certa
589 1448 704 1502 fide
727 1451 1061 1519 excipitur..
1122 1451 1187 1501 ld
1217 1451 1435 1501 accidit
1462 1465 1577 1501 non
1607 1451 1834 1500 tanturn
1870 1453 2008 1518 quia
2036 1452 2230 1502 maior
2257 1451 2334 1501 ab‘
2357 1448 2475 1500 illis
2504 1447 2666 1515 exigi·

377 1530 479 1573 tur
507 1520 851 1590 integritas,
903 1522 1003 1572 sed
1035 1522 1169 1590 quia
1205 1521 1509 1589 plerosque
1537 1521 1660 1572 fere
1703 1537 1904 1570 omnes
1930 1520 2108 1573 Satan
2148 1522 2219 1571 ad
2263 1515 2508 1570 nimiam
2553 1533 2664 1568 cre·

379 1590 689 1653 dulitatem
728 1591 997 1657 instigat,
1048 1599 1110 1642 ut
1150 1591 1310 1641 nulla
1345 1590 1724 1659 inquisitione
1759 1589 1960 1640 habita
1992 1592 2197 1657 cupide
2228 1591 2514 1640 damnent
2546 1601 2665 1639 suos

375 1661 680 1724 Pastores,
716 1677 961 1728 quorum
992 1660 1143 1712 tueri
1176 1661 1393 1714 famam
1424 1664 1613 1729 potius
1642 1659 1977 1713 debuerant.
2046 1664 2199 1728 Ergo
2228 1670 2433 1711 tantae
2465 1656 2667 1725 iniqui-

379 1729 490 1781 tati
536 1746 652 1780 non
696 1730 914 1790 frustra
957 1749 1017 1781 se
1046 1731 1258 1782 Paulus
1301 1734 1573 1799 opponit:
1627 1748 1695 1780 ac
1734 1730 2005 1798 probibet
2043 1725 2247 1783 subiici
2281 1728 2669 1797 improborum

358 1800 832 1856 ‘maledicentiae
874 1802 1272 1869 presbyteros,
1325 1802 1512 1853 donec
1549 1801 1820 1868 legitimis
1862 1802 2211 1853 testimoniis
2255 1801 2373 1851 sint
2414 1795 2669 1866 convicti.

379 1871 583 1939 Neque
613 1871 770 1921 enim
800 1873 1014 1924 mirum
1040 1881 1125 1923 est
1151 1871 1199 1922 si
1225 1871 1438 1923 multos
1465 1872 1717 1924 habeant
1741 1873 1938 1921 hostes
1957 1905 1972 1935 ,
2005 1889 2252 1940 quorum
2286 1869 2547 1921 officium
2572 1875 2672 1936 est,

382 1943 647 1992 omnium
680 1940 822 1992 vitia
860 1941 1314 2008 reprehendere,
1362 1945 1555 2009 pravis
1596 1943 1856 1993 omnium
1904 1943 2320 2010 cupiditatibus
2366 1936 2667 2001 adversari,

382 2011 694 2065 severitate
720 2029 823 2063 sua
854 2012 1129 2063 cohibere
1166 2029 1545 2081 quoscunque
1586 2030 1784 2064 errare
1825 2012 2041 2064 vident.
2118 2013 2270 2082 Quid
2309 2026 2453 2078 ergo
2494 2009 2593 2059 fiet
2630 2005 2666 2057 si

381 2082 710 2150 promiscue
736 2082 1075 2148 audientur,
1117 2099 1495 2151 quaecunque
1524 2082 1592 2133 de
1617 2083 1734 2134 illis
1759 2099 1993 2148 sparsae
2021 2081 2245 2133 fuerint
2278 2075 2634 2131 calumniae?
2657 2099 2660 2106 J

478 2199 483 2212 ,
520 2153 619 2208 20:
649 2153 966 2204 Pet-cantes
999 2171 1176 2217 argue
1212 2171 1407 2218 coram
1436 2154 1717 2205 omnibus.
1789 2153 2029 2222 Quoties
2059 2154 2223 2204 bonis
2257 2160 2531 2215 cavetur,
2570 2148 2664 2198 hoe

382 2219 525 2273 mali
557 2220 629 2271 ad
663 2222 1097 2273 immunitatem
1124 2239 1286 2273 suam
1320 2222 1623 2287 arripiunt.
1692 2223 1897 2292 Itaque
1931 2223 2081 2291 quod
2112 2220 2562 2288 ‹ie-repellendis
2586 2219 2664 2269 in-

297 2290 301 2294 ’
382 2291 549 2344 iustis
581 2294 1047 2358 accusationibus
1078 2292 1304 2344 dixerat
1331 2292 1579 2357 Paulus,
1599 2293 1602 2302 A
1626 2290 1711 2341 sic
1742 2300 2030 2358 temperat
2066 2292 2176 2344 hac
2218 2291 2517 2346 sententia
2538 2328 2554 2355 ,
2593 2302 2663 2352 ‚ne

384 2362 481 2428 oui
529 2369 726 2413 tamen
774 2359 1010 2429 impune
1060 2361 1172 2412 hoc
1221 2372 1524 2430 praetextu
1566 2378 1811 2427 peccare
1854 2361 2049 2414 liceat.
2132 2363 2204 2415 Et
2241 2379 2382 2412 sane
2426 2361 2667 2413 videmus

385 2432 616 2503 quantis
648 2440 706 2483 et
732 2450 912 2501 quam
942 2432 1363 2500 multiplicibus
1392 2431 1707 2499 privilegiis
1738 2449 1904 2485 suum
1937 2431 2477 2484 clerum'munierit
2504 2432 2666 2494 Papa·

388 2512 510 2557 tus:
562 2513 626 2554 ut
656 2521 830 2573 quum
860 2505 1215 2573 nequissime
1245 2505 1475 2567 vivant,
1505 2503 1647 2569 ¹sint
1682 2514 1881 2554 tamen
1920 2503 1992 2553 ab
2034 2505 2190 2554 omni
2234 2501 2666 2570 reprehensione

384 2573 690 2626 immunes.
735 2575 906 2625 Certe
930 2578 977 2625 si
996 2575 1299 2635 [cautiones
1325 2574 1731 2637 observentur,
1767 2584 1907 2644 quas
1937 2570 2152 2639 colligit
2171 2574 2501 2624 Gratianus·
2520 2583 2667 2620 causa

385 2636 676 2708 secunda,
717 2653 939 2711 quaest.
961 2646 1013 2696 4.
1037 2683 1052 2710 ,
1091 2646 1232 2697 item
1263 2661 1359 2713 qu.
1390 2643 1444 2703 Υ’7.
1466 2681 1483 2708 ,
1534 2658 1647 2693 non
1681 2644 1788 2693 erit
1813 2641 2135 2710 periculum
2155 2679 2170 2707 ,
2225 2660 2299 2694 ne
2325 2657 2582 2712 unquam
2608 2635 2668 2686 ad

385 2714 744 2770 reddendam
773 2715 925 2768 vitae
951 2717 1239 2765 rationem
1272 2724 1571 2780 cogantur.
1644 2713 1755 2763 Ubi
1786 2715 1942 2763 enim
1972 2713 2339 2781 septuaginta
2372 2714 2488 2764 duo
2515 2717 2667 2760 testes

385 2787 785 2851 reperientur,
839 2801 982 2855 quos
1022 2786 1084 2836 in
1128 2786 1414 2852 Episcopo
1458 2784 1788 2835 damnando
1823 2784 2073 2851 requirit
2114 2783 2385 2851 putidum
2428 2781 2665 2835 edictum

387 2855 494 2907 sub
539 2856 775 2905 nomine
807 2854 1123 2922 sylvestri?
1195 2855 1422 2907 Deinde
1455 2869 1633 2923 quum
1661 2863 1817 2904 totus
1844 2852 2126 2911 laicorum
2157 2853 2302 2904 ordo
2333 2854 2406 2905 ab
2456 2864 2667 2904 accusa·

388 2925 553 2976 tione
598 2937 893 2989 arceatur,
953 2927 1016 2978 in
1061 2927 1219 2978 clero
1259 2925 1439 2975 etiam
1475 2925 1736 2983 minores
1761 2923 2080 2974 maioribus
2112 2923 2538 2990 prohibeantur
2562 2933 2669 2972 mo·

387 2995 614 3048 lestiam
662 2996 981 3049 facessere:
1051 2995 1186 3064 quid
1241 2995 1484 3062 impedit
1530 2995 1838 3062 quominus
1881 2994 2073 3045 securi
2108 2995 2327 3046 iudicia
2371 2994 2564 3045 omnia
2603 2986 2669 3038 ri·

392 3064 606 3139 deant?
676 3067 927 3131 Proinde
966 3067 1159 3117 sedulo
1200 3064 1346 3116 haec
1384 3065 1709 3116 moderatio
1745 3063 1994 3114 tenenda
2038 3074 2153 3130 est,
2206 3073 2269 3115 ut
2310 3069 2670 3116 coerceantur

389 3136 626 3203 linguae
665 3138 1024 3201 petulantes,
1077 3150 1151 3187 n‘e
1181 3135 1335 3186 fictis
1367 3135 1701 3188 criminibus
1726 3127 2090 3204 presbyteros
2121 3135 2444 3187 infamentt
2501 3140 2557 3184 et
2591 3138 2671 3180 ta-

389 3222 529 3258 men
560 3215 624 3255 ut
638 3207 905 3273 quisquis
933 3208 1089 3257 inter
1116 3222 1212 3258 eos
1241 3204 1396 3257 male'
1424 3222 1483 3263 se
1518 3215 1714 3272 geret,
1765 3220 1960 3255 severe
2004 3205 2352 3272 corrigatur.
2425 3202 2577 3254 Nam
2614 3197 2671 3264 de

390 3274 744 3346 presbyteris
769 3275 878 3328 hoc
905 3275 1370 3342 dictum‘accipio
1390 3312 1405 3337 ,
1446 3276 1636 3342 palam
1664 3274 1990 3339 arguendos
2019 3291 2140 3324 esse
2167 3274 2266 3342 qui
2295 3273 2575 3324 dissolute
2601 3268 2673 3317 vi-

392 3353 553 3398 vunt.
642 3346 877 3416 Quare?
940 3357 1005 3398 ut
1047 3345 1291 3414 reliqui,
1358 3345 1494 3395 dum
1536 3363 1612 3396 ne
1652 3344 1769 3396 illis
1813 3344 2056 3411 quidem
2101 3345 2264 3411 parci
2309 3342 2544 3407 vident,
2592 3334 2674 3406 qui

393 3416 579 3486 gradu
623 3426 680 3466 et
718 3416 1000 3483 dignitate
1047 3424 1180 3467 sunt
1226 3415 1588 3480 superiores,
1647 3415 1753 3464 tali
1791 3414 2066 3480 exemplet
2090 3413 2332 3477 moniti,
2395 3412 2579 3480 magis
2613 3404 2674 3456 ti·

392 3496 610 3539 meant.
682 3488 832 3557 Nam
871 3487 1036 3538 sicuti
1076 3483 1357 3536 honestae
1396 3484 1544 3537 vitae
1575 3483 1843 3551 exemplo
1878 3485 2106 3550 praeire
2136 3484 2275 3534 aliis
2298 3482 2510 3533 debent
2538 3492 2673 3548 pres·

392 3555 614 3623 hyteri:
663 3555 747 3608 ita
790 3557 835 3623 si
879 3557 1245 3624 delinquunt,
1287 3557 1672 3606 “severitatem
1701 3554 2046 3622 disciplinae
2078 3555 2338 3605 exerceri
2370 3551 2509 3620 erga
2542 3552 2700 3618 ipsos.

396 3627 698 3692 convenit,
751 3643 898 3697 quae
932 3626 1199 3693 omnibus
1232 3627 1308 3676 sit
1342 3625 1621 3691 exemplo,
1700 3626 1817 3675 Cur
1847 3626 1999 3674 enim
2026 3624 2153 3693 plus
2184 3625 2298 3676 illis
2330 3623 2677 3685 indulgeatur

392 3695 706 3759 licentiae,
743 3715 1008 3765 :quorum
1048 3702 1289 3763 peccata
1328 3697 1500 3763 longe
1529 3695 1757 3763 gravius
1789 3711 1962 3764 quam
1994 3696 2247 3747 aliorum
2283 3705 2492 3746 nocent
2508 3689 2544 3747 ἱ).
2598 3689 2676 3738 1¹¹·

394 3765 595 3834 tellige
639 3775 833 3819 autem
871 3769 1024 3837 quod
1070 3760 1209 3817 dicit
1239 3766 1448 3817 Paulus
1491 3765 1562 3816 de
1603 3765 1917 3816 sceleribus
1951 3775 2054 3817 aut
2081 3764 2388 3832 flagitiosis
2418 3756 2688 3835 peccatiffr

317 3862 327 3879 κ
397 3852 546 3904 quae
575 3836 870 3903 publicum
901 3832 1324 3898 offendiculum
1352 3852 1549 3901 secum
1581 3835 1826 3897 ferunt.
1874 3852 2015 3888 nam
2040 3835 2219 3903 siquis
2253 3831 2677 3901 expresbytem

396 3905 616 3976 absque
644 3905 868 3974 flagitio
896 3902 1250 3977 deliquerit,
1300 3906 1572 3973 privatim
1609 3904 1798 3974 magis
1832 3906 2265 3958 admonendum
2310 3920 2434 3956 esse
2474 3907 2674 3952 eertum

407 3986 532 4042 est,
575 3992 748 4043 quam
789 3979 982 4045 palam
1014 3976 1495 4044 redarguendum.
1557 4008 1558 4013 =
2535 4011 2539 4018 -
2649 3986 2660 3991 “

533 4045 631 4098 21.·
699 4048 1005 4101 Comes-tm·l
1043 4066 1240 4099 coram
1281 4048 1426 4101 Deo.
1489 4044 1668 4101 ¹Haec
1725 4044 2041 4100 obtestatio
2080 4043 2446 4112 interposita
2493 4039 2611 4092 fuit·
2651 4046 2680 4081 ι

399 4115 617 4180 Paulo,
671 4128 789 4166 non
832 4127 1060 4169 tantum
1102 4125 1168 4166 ut
1207 4116 1271 4171 in
1312 4132 1376 4165 re
1417 4114 1667 4165 maxime
1694 4117 1883 4177 seria,
1923 4117 2035 4168 ‚sed
2065 4117 2241 4167 etiam
2273 4122 2511 4182 propter
2543 4118 2677 4160 sum·

401 4200 560 4241 mam
608 4185 1030 4239 difficultatem.
1101 4185 1268 4236 Nihil
1306 4184 1460 4235 enim
1503 4183 1799 4236 difficilius
1829 4194 2192 4252 quam‘tanta
2225 4185 2521 4251 aequitate·
2540 4188 2676 4229 exer·

402 4271 536 4321 cere
565 4254 782 4306 iudicia
807 4295 822 4321 ,
848 4260 927 4307 ‘ut
954 4273 1142 4325 neque
1167 4254 1355 4322 gratia
1382 4271 1639 4325 unquam
1666 4254 1925 4306 flectaris
1942 4254 1960 4320 ,’
2015 4272 2124 4311 nec
2154 4252 2567 4320 suspicionibus
2595 4244 2678 4327 det

402 4324 658 4389 aditum,
686 4342 820 4381 ,ηερ
864 4324 1602 4390 ᾶεῙειίοηίὶιιιειιιιονεειὶε,
1652 4341 1765 4376 nec
1789 4325 1986 4391 rigore
2015 4326 2092 4376 sis
2119 4325 2363 4388 nimius,
2413 4337 2521 4374 nec
2545 4309 2678 4369 ahud

399 4396 464 4450 in
493 4396 763 4448 omnibus
791 4397 984 4450 causis
1009 4411 1180 4467 quam
1206 4395 1395 4463 ipsam
1423 4410 1660 4448 causam
1684 4395 1981 4465 respicias.
2033 4396 2190 4449 Nam
2214 4393 2356 4446 inde
2375 4391 2471 4445 ius
2496 4398 2678 4457 acqua·
