2820 4895
557 172 753 308 ao
817 227 1508 314 'rmo‘rnssmu
1553 233 1616 297 ις-
1668 229 1830 298 cu.
1878 189 2008 350 vs
2117 273 2148 328 3
2312 237 2448 314 ,283

155 400 388 474 quitiam
410 401 779 471 intelligunt:
814 401 1031 454 multos
1048 439 1065 469 ,
1102 403 1203 472 qui
1230 409 1366 456 sunt
1393 401 1603 468 neriae
1631 410 1852 469 pestes,
1904 410 2206 472 nequeunt
2229 417 2437 460 arcere

158 475 226 528 ab
260 472 554 537 Ecclesia,
606 488 676 525 ac
720 489 796 524 ne
837 472 1125 540 impedire
1165 471 1400 542 quidem
1450 475 1758 541 quominus
1800 473 2174 525 clandestinis
2216 473 2440 528 artibus

156 559 426 600 venenum
473 557 634 593 sunm
691 551 983 623 spargant.
1050 541 1162 593 hac
1213 542 1611 593 consolatione
1658 551 1945 612 sustentat
1987 537 2440 608 Paulus‘Timo-

76 639 89 650 ι
155 611 377 683 iheum,
415 612 540 663 fore
563 620 630 662 ut
656 611 1001 681 aliquando,
1040 613 1140 663 ubi
1155 615 1280 664 Deo
1307 613 1491 662 visum
1520 613 1731 678 fuerit,
1772 611 2191 681 protrahantur
2217 614 2279 664 in
2312 629 2464 678 me-‘

157 677 321 734 diurn.
372 684 476 734 rIta
516 682 586 734 ad
632 677 1009 734 tolerantiam
1054 699 1187 734 eum
1232 682 1574 734 confirmatu
1630 684 1982 751 quia‘aequo
2012 686 2208 734 animo
2237 699 2439 751 exspe-

158 753 353 805 ctanda
411 760 495 803 est
549 753 1021 820 o'pportunitas„
1050 769 1225 821 quam
1264 754 1425 806 Deus
1466 768 1571 820 pro
1614 770 1723 805 sua
1762 753 2438 822 sapientiapraestituit.

155 822 301 876 Mire
325 821 501 876 etiam
534 823 744 892 probos
774 833 830 876 et
859 828 1093 878 sanctos
1124 824 1388 873 Pastores
1420 832 1647 892 torquet
1680 822 1864 893 altera
1896 823 2238 892 indignitas,
2280 821 2438 892 quod

154 893 247 943 ubi
271 909 487 944 summa
514 892 850 960 integritate
886 892 1080 954 officio
1122 892 1414 962 perfuncti
1456 901 1624 960 sunt,
1673 894 1872 958 multis
1902 892 2117 972 iniquis
2144 911 2203 945 se
2242 895 2438 948 moni-

155 961 254 1014 bus
280 962 766 1030 perstringuntur,
825 974 1142 1014 onerantur
1170 961 1480 1029 multiplici
1511 962 1731 1014 invidia
1753 985 1794 1029 ,‘
1822 964 2016 1014 vident
2041 961 2165 1033 rapi
2226 982 2259 1014 n
2295 980 2436 1015 con-

154 1034 387 1086 trariam
426 1044 651 1100 partem
695 1045 862 1102 quae*
886 1032 1118 1086 laudem
1156 1032 1555 1086 merebantur.
1625 1034 1755 1085 Hac
1786 1036 1960 1085 etiam
1991 1049 2060 1088 ex
2096 1043 2260 1100 parte
2293 1035 2444 1086 sub-·

157 1104 305 1154 venit
331 1104 570 1170 Paulus,
613 1120 791 1172 quum
821 1103 1097 1156 admonet
1118 1102 1533 1169 Timotheum,
1587 1105 1932 1170 quibusdam
1961 1103 2131 1159 bonis
2164 1106 2434 1172 operibus

153 1170 331 1225 lucem
361 1177 421 1224 in
449 1173 607 1225 aliud
636 1183 861 1240 tempus
887 1175 1195 1227 reservari.
1268 1177 1474 1242 ltaque
1503 1173 1551 1224 si
1578 1174 1705 1225 laus
1734 1191 1936 1225 eorum
1965 1174 2131 1242 qu'asi
2169 1175 2274 1226 sub
2315 1184 2437 1226 ter·

151 1258 269 1295 ram
295 1244 621 1297 defodiatur
643 1244 954 1297 hominum
980 1244 1401 1312 ingratitudine
1420 1282 1435 1308 ,
1474 1244 1535 1295 id
1565 1261 1796 1313 quoque
1824 1243 2054 1313 placido
2080 1245 2276 1298 animo
2310 1262 2435 1299 esse

153 1315 582 1379 sustinendum,
634 1315 825 1367 donec
863 1315 1234 1367 revelationis
1276 1323 1506 1382 tempus
1548 1315 1868 1382 adveniat.x
1919 1316 2270 1384 Quanquam
2313 1332 2436 1370 non
2469 1363 2488 1378 *A

148 1382 233 1435 his
260 1386 444 1437 solum
472 1381 638 1437 malis
671 1386 962 1454 medetur?
1012 1386 1113 1442 sed
1144 1385 1280 1453 quia
1309 1402 1415 1437 nos
1441 1401 1612 1452 saepe
1642 1385 1767 1438 fani
1798 1386 2090 1453 contingit
2119 1386 2179 1437 in
2209 1386 2436 1454 eligen-
2473 1437 2490 1444 a

152 1453 232 1505 dis
261 1455 583 1519 Ministris,
625 1455 761 1508 dum
788 1473 850 1507 so
876 1455 1102 1523 indigni
1129 1465 1314 1507 astute
1340 1457 1674 1521 insinuant,
1714 1456 1850 1508 honi
1872 1465 2072 1508 autem
2104 1456 2271 1508 nobis
2298 1466 2436 1510 sumt

146 1523 349 1592 ignotis
395 1525 607 1576 deinde
648 1526 879 1578 etiamsi
919 1543 1038 1578 non
1075 1542 1334 1578 erremus
1376 1527 1491 1593 ipsi
1525 1526 1869 1591 iudicando,
1922 1542 2039 1581 non
2068 1536 2267 1579 tamen
2300 1528 2432 1582 aliis

147 1597 383 1663 probare
410 1596 698 1649 iudicium
731 1606 988 1664 nostrum
1015 1609 1351 1665 possumus}
1402 1597 1508 1646 sed
1532 1597 1630 1665 qui
1664 1598 1867 1663 optimi
1897 1601 2063 1668 sunt,
2116 1597 2435 1665 repudiam-

149 1674 267 1733 tur,
309 1667 479 1718 nobis
507 1676 712 1720 contra
743 1665 1093 1720 nitentibus:
1142 1667 1286 1718 mali
1311 1676 1509 1731 autem
1537 1667 1629 1718 vel
1659 1669 1976 1735 obrepunt,
2030 1668 2126 1719 vel
2146 1684 2205 1720 se
2231 1669 2434 1721 obtrusi»

150 1734 317 1788 dunt=
369 1736 502 1789 fieri
545 1754 663 1790 non
705 1745 892 1805 potest
919 1740 1058 1807 quin
1087 1755 1192 1790 nos
1221 1754 1577 1804 magnopere
1607 1748 1784 1805 angat
1809 1748 2010 1789 nostra
2040 1746 2098 1787 et
2126 1738 2432 1793 Ecclesiae

150 1805 411 1859 conditio.
485 1810 687 1876 Itaque
717 1809 926 1860 Paulus
956 1810 1017 1860 in
1048 1809 1369 1868 offensione
1400 1807 1492 1858 vel
1517 1808 1809 1873 tollenda,
1866 1807 1951 1858 vel
1992 1806 2199 1858 saltem
2235 1809 2434 1862 suble-

148 1877 323 1927 vanda
345 1877 598 1949 laborat.
670 1879 831 1930 Haec
858 1880 1039 1946 igitur
1065 1895 1288 1931 summa
1313 1878 1419 1944 sit,
1470 1877 1712 1930 ferenda
1741 1877 1863 1940 esse
1894 1894 2044 1947 quae
2067 1879 2268 1947 statim
2302 1896 2434 1930 cor-

148 1947 248 2015 rigi
274 1957 610 2016 nequeunt,
662 1951 1011 2018 gemendum
1043 1951 1141 2001 ubi
1167 1949 1428 2001 nondum
1459 1949 1719 1999 remedio
1748 1949 2020 2012 idone-um
2059 1957 2146 2001 est
2184 1957 2440 2020 tempus,-

148 2019 351 2069 morbis
379 2036 499 2070 non
526 2036 649 2071 esse
680 2022 794 2071 vim
826 2019 1213 2074 adhibendam
1236 2058 1252 2085 ‚
1315 2019 1623 2069 donec‘vel
1656 2019 2077 2085 maturuerint,
2135 2019 2229 2071 vel
2268 2017 2450 2087 pate-⁷

146 2086 285 2142 facti
313 2090 458 2142 sint:
511 2106 709 2140 rursus
740 2092 966 2160 quoties
1000 2091 1196 2141 virtuti
1222 2104 1340 2140 non
1369 2089 1620 2159 habetur
1646 2088 2039 2155 suus-honor,
2095 2093 2433 2157 exspectans

151 2155 281 2209 dum
322 2175 447 2211 esse
489 2169 782 2212 maturum
822 2161 1193 2218 revelationis
1236 2170 1498 2226 tempus,
1559 2174 1627 2211 ac
1666 2159 2029 2211 tolerandum
2071 2175 2192 2210 esse
2229 2161 2435 2214 muudi

148 2235 436 2295 stuporem
454 2267 472 2296 ,
508 2246 579 2281 ac
604 2231 1015 2299 quiescendum
1045 2248 1166 2283 esse
1194 2230 1256 2281 in
1284 2230 1537 2281 tenebris
1571 2231 1755 2281 donec
1780 2229 2021 2282 illuceat
2046 2230 2188 2282 dies.
2243 2216 2429 2283 Venio

149 2313 294 2350 nunc
318 2300 390 2351 ad
424 2301 637 2368 verba,
692 2311 1004 2371 postquam
1043 2318 1167 2352 rem
1201 2300 1457 2351 breviter
1485 2300 1812 2367 complexus
1840 2317 1987 2353 suin.
2060 2301 2252 2368 Quum
2293 2301 2432 2368 dicit

149 2384 378 2436 peccata
404 2373 767 2438 quorundam
795 2372 1252 2425 hominumarite
1284 2371 1669 2434 manifestata
1699 2388 1847 2437 esse,
1894 2367 2173 2437 intelligit
2202 2382 2433 2424 mature

149 2437 440 2508 patefieri,
496 2450 556 2492 et
594 2442 756 2510 quasi
795 2452 929 2493 ente
971 2452 1198 2509 tempus
1237 2440 1468 2509 prodire
1509 2441 1572 2491 in
1615 2439 1889 2492 notitiam
1936 2439 2263 2495 hominum.
2353 2443 2432 2499 Et

148 2505 253 2559 hoc
273 2511 665 2575 similitudine,
679 2512 984 2578 exprimit,
1020 2512 1183 2582 quasi
1210 2511 1495 2563 currendo
1524 2511 1801 2562 festinent
1826 2511 1901 2562 ad
1928 2526 2095 2562 suum
2123 2512 2430 2567 iudicium.

151 2578 418 2633 Videmus
463 2580 721 2634 enim'ut
759 2583 931 2634 multi
973 2582 1320 2651 praecipites
1360 2591 1582 2646 ruant,¹
1619 2592 1941 2650 sponteque
1982 2580 2282 2634 accersant
2321 2584 2434 2636 sibi

150 2646 613 2705 damnationem:
640 2650 879 2707 etiamsi
905 2652 1062 2705 totus
1089 2652 1338 2705 mundus
1367 2651 1555 2704 salvos
1585 2652 1798 2716 cupiat.
1872 2652 2110 2720 Quoties
2145 2661 2341 2704 autem
2370 2655 2434 2707 id
2459 2668 2462 2671 ’

149 2719 387 2791 accidit,
440 2721 740 2774 su'ccurrat
777 2724 979 2792 nobis,
1029 2740 1243 2776 arcano
1267 2724 1377 2775 Dei
1407 2722 1811 2792 providentiae
1847 2732 2011 2773 motu
2041 2723 2308 2791 instigari
2340 2740 2464 2776 rem

147 2790 352 2856 probos
401 2802 470 2845 ut
518 2809 750 2860 spumas
801 2811 932 2846 suas
980 2796 1316 2861 proiiciant.
1400 2804 1401 2807 ’
1486 2795 1554 2843 In
1606 2792 1947 2860 quibusdam
1991 2792 2433 2862 subsequuntur.

148 2860 310 2928 Quod
341 2863 616 2914 Erasmus
645 2865 842 2916 vertit:
883 2866 1178 2934 Quosdam
1209 2864 1672 2930 subsequuntur,
1710 2876 1830 2911 non
1860 2860 2095 2927 recipio.
2171 2863 2432 2918 Tametsi

151 2931 371 2984 videtur
394 2934 455 2985 id
478 2933 740 2985 Graecae
769 2937 1189 2989 constructioni
1221 2934 1406 3000 magis
1435 2932 1723 3002 quadrare
1741 2967 1755 2982 .
1789 2947 1988 2983 sensus
2015 2939 2208 2989 tamen
2237 2942 2434 3000 postu-

152 2998 232 3050 lat
262 3011 326 3052 ut
357 3004 743 3056 subaudiatur
777 3006 1058 3072 particula
1098 3007 1177 3059 ἓν.
1249 3020 1414 3054 casus
1456 3004 1611 3053 enim
1650 3002 1892 3063 mutatio
1932 3018 2049 3052 non
2091 3001 2247 3053 tollit
2282 3004 2433 3057 anti-

151 3068 357 3125 thesin.
428 3075 579 3125 Nam
610 3076 780 3126 sicuti
810 3077 1038 3128 dixerat
1065 3074 1428 3143 quorundam
1457 3080 1702 3139 peccata
1737 3071 2005 3123 celeriter
2038 3071 2111 3123 ad
2149 3072 2432 3143 iudicium

150 3155 311 3192 suum
332 3143 647 3198 festinare:
703 3146 788 3196 ita
817 3152 973 3197 nunc
1005 3164 1036 3198 e
1068 3160 1343 3197 converso
1371 3142 1533 3196 addit
1552 3181 1567 3206 ,
1616 3143 1975 3212 quorundam
2019 3141 2133 3208 (vel
2159 3142 2431 3210 aliorum)

148 3212 359 3265 tardius
387 3215 584 3266 venire
615 3215 677 3265 in
709 3218 1001 3268 notitiam.
1077 3217 1189 3268 Sed
1218 3215 1346 3266 loco
1373 3212 1613 3281 genitivi
1649 3214 1842 3280 pos-uit
1885 3212 2136 3265 dativum
2179 3215 2242 3265 in
2281 3216 2429 3270 aliis.

151 3277 455 3347 Significat
476 3288 675 3346 'autem
695 3323 711 3351 ‚
768 3296 1061 3355 utcunque
1091 3286 1302 3337 diutins
1330 3301 1502 3354 quam
1530 3292 1793 3349 optemus
1820 3282 2039 3335 lateant
2068 3287 2435 3355 quorundam

149 3363 384 3417 peccata
407 3393 423 3420 ,
468 3365 525 3405 et
550 3355 716 3407 tarde
743 3359 1114 3425 proferantur
1139 3358 1201 3409 in
1229 3356 1421 3408 lucem
1440 3393 1455 3421 ,
1495 3371 1613 3406 non
1641 3362 1836 3405 tamen
1868 3364 2147 3423 perpetuo
2175 3355 2303 3407 fore
2333 3373 2432 3408 oc·
2479 3416 2488 3423 Ν

150 3421 319 3473 culta.
367 3441 505 3475 nam
529 3436 587 3476 et
609 3426 733 3493 ipsa
759 3437 989 3493 tempus
1015 3445 1181 3480 suum
1208 3426 1522 3479 habebunt.
1597 3425 1767 3494 Quod
1792 3424 1837 3474 si
1870 3435 2066 3476 tamen
2092 3426 2279 3494 magis
2305 3427 2432 3495 pla·-

151 3502 274 3542 oeat
304 3494 531 3547 Erasmi
557 3498 742 3546 versio
760 3535 775 3563 ‚
825 3499 981 3551 idem
1015 3507 1255 3549 maneat
1279 3513 1479 3548 sensus
1506 3512 1738 3546 necesse
1762 3502 1876 3555 est:
1931 3512 2136 3563 nempe
2175 3498 2435 3566 quamvis

149 3576 266 3621 non
294 3575 564 3633 properet
597 3567 701 3617 Dei
732 3570 1022 3633 vindicta,
1064 3586 1098 3620 a
1126 3578 1292 3635 tergo
1320 3576 1518 3617 tamen
1546 3566 1702 3616 lente
1727 3565 2018 3633 subsequi.

282 3634 365 3684 25.
447 3632 732 3695 Similiter
773 3653 824 3690 et
873 3643 1041 3691 bona.
1127 3637 1464 3705 Significat,
1520 3635 1818 3687 interdum
1867 3637 2142 3702 pietatem
2190 3644 2242 3686 et
2290 3635 2434 3689 elias

154 3698 387 3754 virtutes
419 3714 647 3756 mature
674 3721 744 3755 ac
770 3706 1305 3775 tempestive‘suam
1337 3707 1570 3759 laudem
1601 3705 1753 3773 apud
1779 3705 2042 3757 homines
2072 3704 2318 3772 hahere,
2372 3717 2435 3759 ut
2483 3766 2496 3773 ,

151 3768 206 3819 in
237 3774 424 3836 pretio
439 3767 568 3826 'sint
598 3775 754 3830 boni.
831 3779 1001 3847 Quod
1031 3779 1076 3829 si
1109 3795 1272 3829 secus
1301 3778 1532 3828 accidat
1551 3813 1567 3841 ‚
1612 3792 1731 3826 non
1760 3784 1952 3826 tamen
1983 3786 2281 3844 passurum
2307 3779 2435 3830 Do-

153 3839 367 3894 minum
389 3883 404 3911 ,
444 3857 515 3897 ¹ut
547 3848 824 3915 perpetuo
859 3847 1218 3916 opprimatur
1245 3848 1583 3901 innocentia
1605 3855 1668 3897 et
1694 3846 2012 3912 integritas.
2067 3862 2241 3913 saepe
2272 3850 2432 3907 enim

159 3911 495 3980 calumniis,
545 3927 825 3984 tanquam
849 3918 1128 3984 nubibus,
1182 3920 1553 3970 obscuratur:
1605 3916 1704 3966 sed
1731 3916 1966 3967 tandem
1993 3917 2268 3983 impletur
2294 3918 2435 3969 illud

156 3980 348 4044 (Deut.
384 3987 468 4048 12,
495 3984 548 4040 8.
595 3987 1084 4054 Matth.‚13,·43.)=
1136 3991 1321 4041 Deum
1351 3991 1550 4040 facere
1590 3995 1654 4037 ut
1690 3986 1983 4053 refulgeat
2022 3986 2210 4038 instar
2257 4003 2435 4039 auro—

154 4062 283 4119 ,rnet
323 4071 519 4106 verum
544 4058 735 4108 animo
753 4058 1074 4127 tranquillo
1103 4062 1244 4127 opus
1276 4072 1360 4111 est
1387 4059 1461 4110 ad
1485 4056 1903 4108 sustinendum.
1933 4060 1936 4063 ’
1973 4057 2250 4109 Homines
2278 4058 2436 4110 enim

158 4133 375 4174 sumus:
413 4127 606 4192 itaque
621 4122 851 4196 'seinper
867 4129 1196 4196 videndum,
1226 4147 1398 4199 quem
1425 4128 1663 4179 modum
1691 4125 1910 4178 habeat
1932 4136 2129 4178 nostra
2157 4129 2434 4195 cognitio,

160 4202 231 4241 ne
256 4192 410 4246 ultra
439 4200 909 4268 progrediamur:
950 4215 1091 4253 nam
1115 4202 1178 4254 id
1206 4210 1356 4254 esset
1376 4200 1490 4254 Dei
1518 4198 1775 4257 officium
1805 4197 1975 4251 nohis
2002 4214 2296 4269 arrogare.

748 4273 755 4277 .
2307 4278 2324 4299 .
