2820 4895
345 256 509 350 2²⁴0,
840 315 853 340 .-
915 251 1705 342 ῑΝζΕὲΨἹΤΟΙιΔΕ
1762 254 2101 335 raum

384 456 419 477 .-
492 423 553 484 0.
694 423 931 500 uoniam
973 423 1039 476 in
1072 423 1202 496 ipso
1234 423 1496 490 thabitas.
1555 424 1760 488 =Ratio
1801 442 1913 481 cur
1943 440 2068 479 non
2107 409 2472 483 conv'eniant
2508 444 2655 498 cum

347 494 598 552 Christo
626 493 670 546 'e
699 492 1070 546 ementa‘illa
1114 487 1352 560 mundi,
1409 512 1558 564 quae
1601 494 1917 547 traduntur
1955 494 2028 547 ab
2066 494 2436 551 hominibus.
2504 504 2656 551 sunt

258 577 259 584 ’
352 568 522 619 'enim
546 561 943 616 additamenta
968 560 1043 615 ad
1070 562 1460 630 supplendum
1489 563 1813 630 defectum,
1835 572 1920 615 ἰιι
1945 562 2298 633 loquuntur.
2368 565 2546 636 Atqui
2577 565 2654 620 in

349 635 600 690 Christe
628 640 731 683 *est
764 629 1098 705 perfectiva,
1128 629 1240 683 ‘cui
1278 630 1436 684 nihil
1474 632 1609 686 addi
1653 641 1874 703 potest.
1942 632 2100 703 Ergo
2149 632 2434 702 quicquid
2469 650 2539 687 ex
2580 624 2657 687 sd

362 703 688 758 admiscent
731 699 1031 765 homines,
1077 707 1304 769 pugnat
1336 717 1472 753 cum
1500 713 1712 752 natura
1741 699 2001 766 Christi,
2049 701 2187 769 quia
2223 719 2359 758 eum
2399 702 2656 758 damnat

359 768 865 842 imperfectionis.
909 766 1113 821 Solum
1137 768 1252 820 hoc
1275 778 1696 837 argumentum
1723 769 1986 822 sufficiet
2010 774 2083 822 ad
2103 769 2432 822 refellenda
2451 772 2657 827 omnin

352 842 734 911 ,Papistsrum
772 835 1082 902 figmenta.
1168 837 1468 905 Quorsum
1511 839 1675 891 enim
1713 845 2012 906 spectant,
2063 836 2186 890 nisi
2219 848 2283 891 ut
2307 839 2654 910 perficiant,

275 909 279 914 ’
361 908 522 1002 quod
559 916 652 962 est
694 924 726 959 a
767 904 1011 957 Christo
1052 904 1449 958 inchoatum?
1503 905 1669 976 atqui
1715 904 1881 974 haec,
1906 905 2159 960 minime
2194 917 2285 959 est
2313 908 2559 960 ferenda
2582 908 2656 962 irs

332 977 677 1048 ,christum
713 972 1096 1028 contumelia.
1168 971 1303 1041 Ipsi.
1335 969 1579 1045 quidem
1621 984 1941 1032 causantur
1981 991 2043 1026 se
2085 975 2235 1027 nihil
2265 976 2505 1032 Christo
2545 977 2654 1029 ad·
2711 969 2721 990 ⁸

352 1051 537 1118 ‚darm
572 1044 711 1118 quia
739 1043 860 1095 sint
888 1042 1052 1113 quasi
1083 1058 1218 1111 pars
1243 1041 1682 1098 Christianismi
1705 1061 1857 1113 quae
1887 1044 2206 1114 Evangelio
2238 1043 2653 1106 attexuerunt.

361 1119 464 1175 aed
489 1134 608 1182 non
637 1112 756 1167 effu
800 1110 932 1166 iunt
961 1110 1245 1188 eiusmodi
1275 1112 1516 1163 cavillo.
1587 1113 1738 1164 Nam
1770 1111 1982 1164 Paulus
2008 1129 2125 1165 non
2157 1113 2233 1176 ,de
2262 1112 2656 1184 imaginarie,

354 1187 475 1254 ,αἱ
497 1186 571 1242 de
604 1199 743 1256 prae
788 1182 948 1234 icato
979 1178 1220 1250 Christo
1250 1178 1554 1250 loquitur,
1593 1181 1692 1250 qui
1716 1197 1777 1232 se
1807 1197 1915 1249 per
1941 1191 2165 1234 certam
2189 1181 2521 1235 doctrinam
2552 1199 2659 1235 re-

292 1299 295 1304 .
366 1255 609 1312 velavit.
685 1253 869 1304 Porro
901 1265 1084 1319 quum
1110 1247 1249 1300 dicit
1275 1249 1707 1306 Plenitudinem
1735 1250 1988 1300 Deitatis
2018 1250 2282 1302 habitare
2308 1252 2371 1302 in
2392 1253 2589 1304 Christ

300 1384 305 1389 ,
352 1323 511 1390 ”nihil
549 1320 708 1390 aliud
741 1318 853 1372 sibi
894 1317 1021 1371 vult
1059 1333 1233 1386 quam
1269 1325 1463 1372 totum
1491 1319 1680 1373 Deum
1713 1317 1772 1368 in
1814 1318 1945 1386 ipso
1986 1319 2272 1372 inveniri:
2322 1328 2390 1371 ut
2416 1319 2605 1390 aliqui

364 1398 495 1452 Deo
514 1387 748 1456 ffmelius
785 1403 853 1440 ac
890 1385 1284 1456 praestantius
1315 1395 1559 1465 appetat
1588 1385 1686 1457 qui
1715 1386 1842 1438 solo
1870 1386 2108 1439 Christo
2134 1405 2252 1439 non
2285 1396 2372 1439 est
2398 1399 2657 1440 conten-

310 1463 315 1470 ’
365 1471 482 1520 tus.
562 1461 805 1515 Summa
840 1463 966 1522 est,
1018 1452 1175 1523 quod
1203 1454 1366 1506 Deus
1396 1467 1459 1506 in
1494 1455 1734 1510 Christo
1761 1472 1822 1507 se
1851 1455 2020 1508 nobis
2049 1457 2228 1525 plene
2252 1466 2427 1525 atque
2453 1455 2519 1507 in
2551 1473 2655 1512 so-

362 1531 558 1587 lidum
586 1525 937 1583 exhibuerit.
1009 1520 1367 1575 Adverbiurn
1403 1525 1797 1590 corporaliter
1828 1523 1990 1584 varie
2023 1536 2326 1592 exponunt
2348 1527 2654 1595 interpre-

363 1611 478 1659 tes,
549 1599 673 1667 Ego
701 1591 1039 1662 improprie
1067 1592 1325 1660 positum
1350 1609 1469 1644 non
1496 1592 1729 1660 dubito,
1763 1610 1874 1663 pro
1901 1592 2402 1646 substantialiter.
2455 1609 2657 1664 oppo-

362 1669 456 1726 nit
480 1665 634 1721 enim
663 1664 817 1716 hanc
843 1660 959 1732 Dei
989 1659 1528 1718 manifestationem
1547 1699 1564 1727 ,
1595 1679 1791 1731 ,quam
1821 1659 2105 1728 babemus
2136 1662 2198 1712 in
2229 1661 2501 1730 Christo,
2553 1680 2656 1716 re·

364 1737 547 1807 liquis
592 1733 896 1802 omnibus,
941 1744 1091 1800 quae
1130 1746 1387 1799 unquam
1427 1728 1686 1791 fuerunt.
1755 1723 1915 1782 Deus
1946 1732 2099 1782 enim
2126 1729 2360 1799 saepius
2391 1748 2451 1782 se
2481 1730 2654 1784 exhi·

354 1806 499 1874 ,buit
524 1802 882 1871 hominibus,
921 1798 1020 1850 sed
1042 1796 1107 1849 in
1139 1808 1326 1868 parte.
1399 1799 1465 1850 In
1484 1799 1725 1852 Christo
1752 1809 1946 1851 autem
1978 1807 2169 1853 totum
2194 1816 2254 1850 se
2283 1799 2453 1851 nobis
2484 1816 2653 1854 com-

360 1872 681 1943 municat„
729 1868 887 1923 Alias
914 1865 1096 1920 etiam
1122 1884 1183 1917 se
1211 1864 1648 1933 manifestavit,
1697 1868 1798 1922 sed
1828 1867 1886 1917 in
1917 1867 2154 1947 figuris,
2203 1876 2305 1919 aut
2331 1868 2556 1920 virtute
2590 1877 2654 1921 et

360 1944 587 2027 gratia„¹
650 1941 718 1995 In
743 1937 990 1991 Christo
1034 1943 1231 1990 autem
1263 1935 1658 1989 essentialiter
1690 1935 1865 1987 nobis
1901 1945 2198 2006 apparuit.
2248 1935 2335 1988 ita
2357 1934 2653 2005 impletur

363 2012 515 2068 illud
551 2006 829 2064 Iohannis
865 2006 936 2071 (Ι.
961 2004 1089 2058 Ioh.
1120 2004 1172 2070 2,
1198 2002 1346 2074 284:
1376 2003 1515 2073 'Qui
1554 2005 1734 2057 habet
1771 2003 2021 2070 Filium,
2067 2004 2248 2056 habet
2287 2013 2349 2057 et
2386 2006 2652 2060 Patrem.

365 2083 562 2138 Deum
595 2075 1168 2138 enim,habent.vere
1201 2084 1606 2143 praesentem,
1645 2073 1896 2144 ipsoque
1927 2073 2167 2142 penitus
2193 2074 2501 2142 fruuntur,
2541 2073 2653 2144 qui

367 2148 673 2206 Christum
740 2143 1027 2197 ossidcnt.
1222 2199 1226 2208 ,
1837 2175 1848 2194 ,Γ
2428 2185 2431 2194 ,

380 2215 385 2282 s
509 2218 594 2271 10.
724 2228 744 2266 t
785 2213 926 2265 estis
970 2213 1033 2263 in
1074 2207 1200 2278 ipso
1247 2210 1533 2278 completi.
1618 2208 1788 2266 Addit
1823 2210 2149 2291 perfectam
2187 2193 2355 2262 illam
2382 2207 2652 2264 Deitatis

358 2288 721 2353 essentiam,
759 2297 907 2353 quae
936 2290 1023 2333 est
1052 2278 1116 2330 in
1149 2279 1391 2332 Christo
1414 2315 1432 2346 ,
1466 2279 1529 2330 in
1556 2280 1672 2332 hoc
1704 2280 1877 2332 nobis
1904 2281 2175 2349 prodesse
2198 2316 2216 2345 ,
2252 2288 2320 2331 ut
2348 2277 2409 2330 in
2440 2295 2506 2331 eo
2531 2295 2651 2333 uos

369 2372 607 2437 quoque
679 2348 887 2405 erfecti
919 2350 1134 2412 simus;
1174 2365 1245 2400 ac
1273 2347 1321 2400 si
1344 2348 1597 2401 diceret:
1639 2349 1808 2418 Quod
1832 2358 1996 2412 totus
2017 2350 2179 2402 Deus
2200 2349 2263 2398 in
2280 2348 2514 2400 Christo
2548 2365 2651 2400 re-

367 2425 559 2491 sidet,
596 2423 625 2476 i*
664 2438 732 2475 eo
763 2428 852 2473 est
875 2427 971 2484 ut,
1008 2416 1203 2489 ipsum
1227 2417 1465 2487 adepti,
1516 2417 1767 2481 solidam
1794 2412 2016 2488 inipso
2047 2416 2476 2490 perfectionem
2506 2432 2652 2486 pos-

368 2495 688 2559 ddeamus.
724 2556 731 2561 Ι
760 2487 1079 2557 Duplicem'
1112 2502 1264 2559 ,ergo
1303 2485 1588 2552 iniuriam
1624 2486 1752 2540 Deo
1794 2487 2060 2554 faciunt,
2112 2485 2212 2555 qui
2250 2504 2365 2538 non
2403 2484 2649 2555 acquie-

269 2568 273 2577 ”
352 2558 547 2620 ‘scunt
584 2560 651 2613 in
692 2558 820 2612 solo
852 2554 1112 2609 Christo.
1159 2571 1296 2608 nam
1329 2565 1567 2623 praeter
1600 2554 1695 2621 id,
1745 2554 1904 2626 quod
1931 2556 2046 2610 Dei
2074 2555 2298 2624 gloriae
2329 2555 2644 2623 derogant,

356 2631 586 2702 ,aliquid
613 2643 791 2698 supra
820 2624 945 2683 eius
976 2623 1405 2691 perfectionem
1439 2623 1788 2693 appetendo,
1826 2633 1962 2676 sunt
1994 2625 2168 2679 etiam
2194 2623 2440 2690 ingrati,
2480 2620 2644 2693 quod

360 2699 606 2763 *aliunde
631 2703 921 2767 quaerunt
955 2692 1110 2764 quod
1137 2692 1256 2744 iam
1282 2692 1345 2742 in
1377 2692 1619 2744 Christo
1648 2693 1885 2745 habent.
1954 2694 2083 2747 Non
2120 2692 2406 2771 intelligit
2440 2699 2644 2745 tamen

367 2769 619 2839 Paulus,
677 2763 901 2818 Christi
938 2760 1365 2841 perfectionem
1399 2760 1461 2812 in
1505 2777 1610 2812 nos
1651 2761 2013 2829 transfundi,
2076 2763 2178 2819 sed
2216 2765 2278 2811 in
2320 2776 2446 2830 ipso
2490 2776 2638 2825 esse,

413 2855 486 2892 uo
524 2834 897 2905 expleamur,
941 2840 1025 2881 ita
1065 2839 1131 2880 ut
1166 2829 1314 2883 nihil
1350 2829 1601 2896 amplius
1643 2830 1817 2882 nobis
1857 2830 2031 2886 desit.
2179 2828 2294 2898 Qui
2326 2842 2411 2882 est
2443 2840 2631 2895 caput.
2709 2837 2715 2844 '

427 2924 555 2961 amc¹
580 2901 941 2975 particulam¹
970 2914 1171 2951 rursus
1213 2897 1465 2951 inseruit
1506 2909 1753 2969 propter
1793 2899 2087 2968 An‘gelos,
2135 2897 2482 2968 significans
2520 2899 2638 2947 An-

363 2974 532 3050 gelos
560 2989 794 3045 quoque
820 2977 1056 3022 nostros
1089 2967 1258 3037 fore,
1297 2965 1346 3018 si
1374 2967 1682 3042 Christum
1710 2966 2111 3022 habuerimus.
2169 2984 2374 3019 verum
2413 2965 2484 3017 de
2523 2965 2640 3017 heo
2693 3026 2698 3031 Ι

365 3064 437 3100 re
472 3053 696 3115 postea.
783 3039 890 3096 Sed
931 3036 1176 3089 interim
1216 3036 1536 3091 tenendum
1576 3044 1696 3104 est,
1745 3054 1978 3090 sursum
2009 3046 2068 3088 et
2094 3036 2369 3089 deorsum
2403 3033 2643 3087 cancel·-

275 3178 282 3197 ἢ
356 3108 457 3183 'los
511 3112 680 3165 nobis
731 3102 1125 3171 circumdari,
1183 3122 1258 3158 ne
1309 3121 1343 3159 a
1392 3105 1637 3159 Christo
1692 3088 1788 3159 iel
1834 3106 2137 3160 tantillum
2190 3104 2446 3157 divertat
2487 3102 2643 3156 fides

359 3191 592 3238 nostra.
2423 3180 2428 3185 ’

350 3248 359 3253 '
505 3251 590 3305 11.
664 3246 735 3299 In
760 3260 870 3314 quo
896 3243 1067 3295 etlam
1094 3242 1235 3294 estis
1262 3242 1616 3296 circumcisi.
1696 3242 1850 3296 Hinc
1877 3248 2125 3312 apparet
2146 3239 2645 3312 disceptationem

356 3316 459 3377 'rui
495 3333 625 3372 esse
663 3332 797 3367 cum
835 3309 1366 3392 pseudoapostolo,
1403 3312 1505 3382 q'ui
1537 3313 1755 3383 Legem
1785 3310 2110 3379 Evangelio
2138 3312 2500 3377 miscebant,
2535 3327 2643 3363 eo·-

364 3406 481 3462 que
507 3384 681 3440 modo
707 3381 1013 3435 Christum
1043 3379 1204 3453 quasi
1230 3379 1543 3433 biformem
1570 3381 1892 3450 fingebant.
1964 3379 2234 3449 Speciem
2272 3397 2413 3439 vero
2456 3396 2641 3434 unam

362 3457 635 3512 nominat
653 3490 669 3522 ,
725 3447 978 3518 exempli
1019 3464 1212 3499 causa.
1297 3447 1837 3503 circumcisionem
1861 3449 2183 3502 Mosaicam
2209 3466 2331 3502 non
2356 3465 2643 3518 superva-

364 3541 543 3580 cuam
582 3520 752 3574 modo
771 3555 787 3584 ,
837 3517 940 3571 sed
967 3532 999 3566 a
1026 3513 1266 3569 Christo
1294 3515 1543 3571 alienam
1579 3533 1702 3570 esse
1732 3519 1979 3599 probat,
2029 3517 2171 3585 quia
2210 3519 2479 3572 destruat
2507 3517 2643 3586 'spi-

364 3591 645 3651 ritualem
667 3585 895 3640 Christi
932 3583 1463 3638 circumcisionem.
1547 3587 1701 3639 Nam
1725 3603 1785 3638 in
1811 3587 1972 3638 hunc
1995 3584 2176 3638 finem
2204 3588 2339 3640 data
2365 3586 2481 3639 iuit
2509 3587 2643 3639 Cir·

311 3656 318 3669 '
365 3659 657 3719 cumcisio
689 3656 1006 3720 Patribus,'
1025 3662 1094 3705 ut
1124 3652 1318 3721 figura
1349 3656 1502 3706 esset
1523 3654 1610 3706 rei
1643 3655 1912 3707 absentis.
1953 3654 2054 3723 qui
2085 3654 2273 3722 igitur
2299 3664 2437 3726 post
2464 3655 2642 3715 Chri-

363 3732 442 3785 sti
469 3729 782 3782 adventum
813 3723 1078 3787 retinent
1105 3721 1270 3775 illam
1296 3722 1339 3772 fi
1384 3738 1549 3775 uram
1568 3761 1585 3788 ,
1624 3724 1982 3793 completum
2009 3720 2196 3775 fuisse
2223 3733 2450 3793 negant
2481 3722 2640 3793 quod

361 3802 599 3870 figurat.
674 3789 1121 3848 Meminerimus
1150 3807 1289 3860 ergo
1366 3791 1854 3845 ircumcisionem
1886 3799 2194 3844 externam
2221 3791 2319 3843 hic
2348 3810 2483 3844 cum
2514 3789 2640 3861 spi·

361 3863 572 3927 rituali
598 3860 891 3926 conferri,
937 3876 1052 3912 non
1076 3875 1250 3911 secus
1277 3876 1344 3911 ac
1374 3859 1625 3928 figuram
1655 3877 1789 3925 cum
1820 3859 2088 3913 veritate.
2173 3861 2387 3931 Figura
2421 3868 2508 3913 est
2543 3856 2641 3914 rei

365 3936 647 3999 absentis.
683 3946 822 4011 ergo
853 3926 1244 4001 praesentiam
1271 3927 1537 3981 veritatis
1562 3928 1782 3980 abolet.
1866 3929 1999 3985 Hoc
2024 3939 2115 3982 est
2140 3929 2297 3998 quod
2326 3930 2639 3982 contendit

364 4004 613 4069 Paulus,
660 4015 802 4071 quia
837 3997 898 4048 in
929 3996 1169 4049 Christo
1209 3996 1576 4068 completum
1617 4006 1706 4051 est
1740 3996 1895 4067 quod
1922 3996 2398 4050 Circumcisione
2432 4014 2641 4051 manu·

364 4076 523 4129 facta
561 4069 973 4125 adumbratum
1011 4064 1157 4130 fuit,
1204 4054 1439 4141 nullum
1469 4082 1591 4118 esse
1624 4083 1781 4117 nunc
1815 4065 1988 4118 huius
2019 4064 2280 4118 fructum
2307 4082 2419 4118 nec
2444 4084 2637 4121 usum.

363 4145 505 4201 Ideo
539 4136 1045 4195 circumcisionem
1075 4133 1296 4187 Christi
1335 4150 1460 4185 esse
1544 4136 1885 4194 renuntiat,
1937 4151 2090 4203 quae
2116 4134 2186 4186 fit
2216 4135 2279 4185 in
2310 4134 2524 4188 corde=
2574 4142 2638 4188 et

362 4213 498 4266 ideo
528 4218 831 4263 externam
860 4203 1029 4254 illam
1056 4200 1309 4255 minime
1333 4202 1451 4253 iam
1516 4200 1709 4272 equiri
1728 4240 1744 4269 ,
1780 4202 1945 4271 quia,
1984 4202 2086 4254 ubi
2112 4221 2205 4255 res
2237 4212 2463 4270 exstat,
2491 4221 2639 4257 eva·

364 4278 554 4347 nescit
587 4272 906 4331 umbratile
941 4270 1091 4323 illud
1121 4270 1391 4337 signum,
1438 4274 1593 4340 quod
1616 4270 1810 4325 locum
1838 4287 1955 4322 non
1984 4270 2165 4323 habet
2188 4271 2302 4338 nisi
2330 4271 2396 4324 in
2419 4271 2512 4324 rei
2535 4273 2639 4325 ab·

361 4349 573 4405 sentia.
634 4392 635 4395 ,
662 4390 665 4395 ,
715 4343 988 4397 Exuendo
1017 4357 1244 4405 corpus.
1331 4339 1562 4408 Corpus
1584 4338 1850 4408 appellat
1876 4356 2123 4391 massam
2147 4357 2222 4390 *ex
2253 4340 2521 4392 omnibus
2552 4340 2640 4391 vi-

362 4414 851 4477 tiis‘conssatam',
900 4399 1563 4489 eleganti'mctap'hora.
1647 4406 2006 4487 Namlsicu'ti
2034 4409 2391 4493 corporibus
2413 4408 2637 4487 nostris

2609 1377 2614 1384 ι
