2820 4895
1907 138 1932 146 n

605 262 749 331 AD
814 257 1612 336 comesse—‘usas
1673 247 1835 334 o...
1881 265 2024 342 ιι,
2093 328 2099 335 ,
2287 205 2562 356 “-ὶ4ε’

179 438 412 509 cisione
450 443 584 499 non
621 431 1040 512 manufacta,
1096 432 1422 512 exuendo„
1444 453 1564 500 cor
1614 454 1695 501 us
1727 427 2439 522 peccatorumfcarnis,

178 520 719 600 circumcisione,
762 518 1415 603 inquam,'Christi,
1516 524 1546 583 1
1597 567 1614 584 .
1671 518 2071 610 Consepulti
2101 525 2435 609 cumipse

219 627 285 671 er
311 606 758 691 Baptismum:
799 607 870 667 in
947 625 1036 668 uo
1066 618 1133 670 et
1165 609 1692 670 consurrexistis
1717 626 1840 695 per
1866 606 2436 675 fidem-efficacia·

267 693 320 769 i,
361 692 900 774 qui-suscitaviti
955 711 1072 754 um
1100 705 1190 756 ex
1217 692 1524 755 mortuis·

295 844 344 897 8.
366 893 377 900 ,
424 844 615 895 Videte
645 841 872 912 nequis.
951 845 1177 897 Iterum
1207 843 1304 895 cui
1332 859 1560 897 veneno
1586 842 1921 897 antidotum
1943 860 1980 897 a
2006 861 2067 898 se
2093 845 2299 901 datum
2321 857 2437 917 op'·

173 914 300 983 poni
332 912 578 978 debeat,
615 915 910 966 admonet.
981 913 1241 965 Tametsi
1285 914 1449 968 enim
1483 919 1796 967 commune
1840 923 1928 965 est
1966 914 2117 970 inud
2156 917 2435 978 adversm
2483 975 2500 990 ,

174 998 360 1036 omnes
398 981 622 1035 diaboli
663 983 1021 1050 imposturas
1054 981 1417 1047 remedium,
1471 990 1540 1035 ut
1580 981 1862 1034 diximus:
1924 982 2183 1037 habebat
2226 995 2435 1038 tamen

210 1051 517 1105 eculiarem
545 1043 686 1103 tunc
715 1066 889 1104 usum
917 1050 1077 1102 inter
1107 1051 1519 1116 colossenses,
1557 1049 1656 1104 cui
1687 1052 2124 1107 accommodari
2149 1049 2432 1110 debehat.

173 1069 391 1188 gidete,
429 1120 658 1189 inquit,
696 1119 904 1189 nequis
939 1135 1044 1170 vos
1075 1120 1416 1188 praedetur.
1504 1121 1698 1186 Verbo
1731 1120 2264 1187 utitugadmodum
2290 1139 2435 1192 pro·

174 1189 315 1259 prio.
363 1190 572 1242 alludit
600 1190 751 1240 enim
781 1189 854 1240 ad
880 1187 1207 1256 praedones
1226 1225 1244 1255 ,
1268 1188 1382 1259 (qui
1401 1225 1420 1254 ,
1456 1188 1596 1244 dum
1624 1188 1927 1241 violenter
1948 1206 2163 1257 rapere
2188 1207 2434 1270 gregem

172 1274 236 1309 ne
277 1269 478 1324 neunt,
514 1258 728 1310 fraude
756 1257 1001 1326 abigunt
1028 1259 1298 1326 pecudes.
1366 1261 1461 1310 lta
1480 1255 1808 1310 Ecclesiam
1833 1257 1981 1310 facit
1995 1259 2223 1314 Christi
2251 1260 2432 1343 ovila,

174 1336 227 1378 et
299 1327 430 1379 uius
470 1325 650 1378 ovilis
693 1335 858 1396 septa
902 1340 1116 1393 puram
1145 1325 1458 1394 Evangelii
1501 1325 1861 1380 doctrinam.
1928 1329 2048 1381 Nos
2089 1339 2434 1399 ergo,.qu2

171 1401 351 1451 tumus
376 1395 812 1461 Christijoves,
849 1394 898 1447 si
943 1394 1146 1447 nificat
1172 1404 1300 1448 tuto
1331 1396 1394 1447 in
1428 1396 1559 1448 loco
1592 1395 1930 1466 quiescere,
1964 1397 2103 1450 dum
2127 1397 2267 1450 fid'ei
2296 1398 2434 1452 uni·
2499 1397 2506 1408 ’

171 1473 337 1517 tatem
383 1474 683 1516 tenemus.
718 1467 889 1532 ‘pseu
932 1464 1273 1532 oapostolos
1309 1474 1511 1518 autem
1546 1464 1952 1535 praedonibus
1990 1465 2143 1519 facit
2177 1463 2430 1537 similes,
2483 1475 2486 1478 ’
2537 1527 2538 1530 ¹

146 1534 259 1604 ‘qui
294 1551 328 1586 a
360 1534 545 1587 caulis
590 1549 697 1585 nos
735 1532 1059 1585 abducunt.
1139 1532 1243 1585 Vis
1276 1549 1422 1602 ergo
1454 1535 1519 1585 in
1553 1549 1732 1604 grege
1761 1534 1985 1585 Christi
2017 1536 2289 1604 censeri,
2337 1536 2456 1596 vis,
2513 1529 2527 1539 ⁵

170 1619 392 1656 manere
415 1601 481 1654 in
513 1602 638 1654 eius
663 1600 845 1654 caulis
864 1600 890 1652 2
941 1617 1018 1652 ne
1048 1601 1235 1656 latum
1266 1618 1526 1670 unguem
1550 1620 1593 1668 a,
1612 1601 1923 1656 doctrinae
1953 1605 2219 1672 puritate
2245 1605 2432 1660 defle-

172 1681 300 1725 etas.
367 1674 522 1726 Nam
556 1683 719 1724 certe
756 1669 897 1723 honi
929 1669 1193 1728 Pastoris
1234 1671 1510 1726 officium
1555 1673 1738 1736 ¹faciet
1774 1670 2041 1726 Christus
2081 1690 2187 1726 nos
2226 1685 2432 1744 prota-
2518 1717 2523 1730 .

171 1739 381 1810 gendo,
429 1741 486 1794 si
523 1749 757 1793 tantum
788 1754 996 1792 vocem
1030 1739 1153 1791 eius
1189 1740 1593 1807 audierimus,
1631 1740 1966 1793 alienorum
1992 1759 2165 1795 voces
2190 1761 2431 1813 respue-

169 1809 353 1863 rimus.
449 1809 727 1877 Denique
761 1817 944 1877 caput
981 1806 1281 1864 decimum
1319 1810 1599 1862 lobannis
1633 1809 1933 1886 expositio
1979 1821 2066 1863 est
2103 1815 2435 1879 praesentis

169 1876 299 1930 loci.
434 1880 551 1930 Per
576 1877 1029 1946 philosophiam.
1103 1878 1254 1947 Quia
1294 1879 1470 1930 multi
1510 1879 1664 1931 falso
1708 1888 1991 1945 putarunt
2021 1879 2127 1934 hic
2162 1880 2432 1938 damnari

162 1960 201 1997 a
225 1946 395 2001 Paulo
426 1945 1345 2015 philosophiam,definiendum
1375 1957 1500 2012 est,
1539 1947 1681 2018 quid
1706 1945 2012 2016 intelligat
2045 1966 2152 2016 per
2178 1950 2293 2003 hoc
2324 1968 2432 2010 no-

169 2030 313 2070 men.
379 2018 526 2069 Meo
566 2024 769 2078 autem
790 2013 1030 2067 iudicio
1063 2014 1362 2083 intelligit
1392 2016 1676 2087 quicquid
1704 2033 1774 2067 ex
1804 2034 1865 2069 se
1892 2017 2431 2076 comminiscuntur

169 2083 453 2151 homines,
507 2085 647 2138 dum
677 2082 879 2137 volunt
906 2083 1148 2151 proprio
1176 2100 1352 2138 sensu
1380 2102 1624 2154 sapere:
1677 2085 1852 2154 idque
1888 2102 2010 2136 non
2042 2089 2262 2158 absque
2295 2106 2444 2160 spe-0

174 2153 317 2208 cioso
348 2151 618 2222 'rati-onis
657 2160 1003 2223 praetextu,
1052 2163 1117 2205 ut
1145 2153 1223 2205 sit
1250 2152 1314 2205 in
1340 2154 1602 2224 speciem
1626 2152 1960 2223 probabile.
2028 2157 2237 2226 Neque
2268 2159 2430 2215 enim

173 2221 228 2273 in
259 2222 604 2276 reiiciendis
642 2220 956 2274 hominum
999 2222 1384 2288 commentis,
1434 2240 1584 2292 quae
1616 2223 1844 2275 nullam
1877 2221 2097 2277 habent
2124 2241 2432 2281 commen·-

172 2289 456 2345 'dationem
475 2331 493 2359 ,
527 2289 782 2345 multum
814 2297 902 2342 est
929 2289 1191 2358 negotii,
1227 2292 1326 2343 sed
1354 2292 1417 2344 in
1446 2294 1696 2363 iisquae
1726 2291 1924 2344 fallaci
1954 2287 2270 2362 sapientiae
2302 2296 2430 2366 opi-

110 2387 117 2395 ·
171 2360 325 2413 aione
362 2371 596 2414 mentes
635 2360 902 2429 capiunt.
982 2362 1101 2411 Aut
1137 2360 1186 2412 si
1229 2375 1357 2412 uno
1387 2362 1569 2414 verbo
1613 2360 1748 2432 quis
1789 2361 1992 2426 malit,
2042 2362 2433 2433 philosophia

170 2430 308 2482 nihil
340 2431 507 2485 aliud
545 2440 631 2482 est
668 2445 844 2500 quam
883 2427 1293 2499 persuasorius
1329 2445 1557 2497 sermo,
1610 2429 1714 2502 qui
1745 2430 1962 2498 pulcris
1993 2441 2061 2483 ac
2088 2432 2431 2500 plausibili-

170 2497 263 2553 bus
287 2501 650 2571 argumentis
677 2518 739 2552 se
761 2497 1103 2553 insinuetin
1122 2499 1358 2569 ‘animos
1384 2500 1713 2552 hominum.
1770 2499 1966 2566 Tales,
2001 2501 2217 2568 fateor,
2235 2513 2432 2583 frunt
2489 2550 2496 2562 ,

172 2585 356 2622 omnes
383 2568 884 2638 Philosophorum
921 2567 1222 2635 argutiae,
1273 2568 1466 2639 siquid
1503 2571 1577 2622 de
1610 2586 1717 2622 suo
1758 2568 1973 2621 addere
2005 2568 2197 2623 velint
2222 2573 2295 2626 ad
2316 2591 2432 2654 pu·-
2523 2604 2526 2611 ·

171 2653 286 2693 rum
312 2638 430 2692 Dei
471 2648 829 2691 sermonem.
873 2635 961 2687 ita
1008 2653 1083 2692 ue
1115 2637 1503 2706 philosophia
1527 2637 1678 2689 nihil
1702 2636 1860 2690 aliud
1889 2630 2014 2689 erit
2042 2655 2219 2708 quam
2251 2641 2431 2710 spu-s-

172 2709 330 2765 tualis
359 2706 670 2760 doctrinae
697 2715 975 2772 corrupte
1006 2723 1071 2772 a,
1107 2705 1158 2757 si
1192 2706 1428 2759 Christo
1457 2707 1910 2776 permisceatur.
1991 2707 2104 2760 Sed
2143 2710 2432 2765 memine-

170 2776 373 2844 rimus,
428 2777 682 2829 Paulum
717 2775 825 2827 sub
863 2773 1281 2844 Philosophiae
1320 2777 1559 2828 nomine
1599 2785 1832 2827 tantum
1870 2777 2182 2829 damnasse
2226 2795 2434 2834 omne·

172 2845 520 2897 adulterinas
562 2843 898 2908 doctrinas,
948 2859 1098 2913 quae
1132 2855 1465 2897 nascuntur
1495 2861 1563 2895 ex
1593 2842 1855 2896 humano
1887 2845 2116 2914 capite,
2206 2848 2433 2901 ualem-

173 2929 383 2985 cunque
423 2914 690 2966 habeant
722 2912 963 2966 rationis
1009 2912 1292 2965 colorem.
1365 2913 1536 2982 Quod
1561 2914 1831 2983 proxime
1857 2913 2131 2983 sequitur
2200 2933 2231 2966 e
2259 2917 2431 2969 inani

146 2972 518 3049 ³deceptione,
566 2983 654 3035 sio
692 2980 926 3034 resolvo
947 2997 965 3034 ε
1014 2981 1234 3032 Cavete
1260 3000 1292 3033 a
1324 2982 1712 3049 philosophia
1733 3020 1749 3048 ,
1790 2998 1939 3050 quae
1967 2982 2122 3035 nihil
2150 2983 2310 3037 aliud
2333 2996 2433 3039 est
2467 2996 2472 3005 ⁴

173 3066 327 3120 quam
360 3053 549 3105 inanis
590 3049 904 3120 deceptio,
952 3058 1020 3103 ut
1053 3049 1128 3101 sit
1165 3048 1281 3102 hoc
1312 3049 1575 3119 additum
1605 3050 1952 3121 appositive.
2112 3053 2432 3106 Secundum

174 3121 529 3174 traditionem
567 3121 881 3172 hominum.
968 3117 1215 3188 Propius
1247 3119 1613 3171 demonstrat
1642 3134 1819 3191 quam
1844 3119 2289 3189 philosophiam
2314 3122 2434 3175 im,

173 3189 402 3258 probet,
446 3191 737 3260 simulque
779 3186 1006 3257 duplici
1044 3187 1287 3239 nomine
1331 3204 1464 3240 eam
1503 3189 1778 3259 coarguit
1814 3189 2129 3242 vanitatiss
2181 3190 2320 3260 quia
2349 3191 2436 3246 sit

173 3272 278 3309 non
312 3263 634 3312 secundum
666 3258 1003 3324 Christum,
1054 3256 1157 3308 sed
1197 3258 1524 3310 secundum
1557 3258 1863 3318 hominnm
1903 3258 2159 3329 placita,
2215 3269 2276 3311 et
2312 3262 2431 3314 sita

84 3386 89 3395 ι
175 3328 239 3381 sit
279 3328 342 3379 in
388 3329 701 3381 elementis
748 3327 974 3380 mundi.
1046 3326 1228 3378 .Nota
1265 3335 1465 3378 autem
1503 3326 1658 3396 quod
1699 3337 1821 3379 tam
1859 3327 2066 3380 mundi
2109 3328 2430 3383 elementia

175 3411 331 3464 quam
366 3395 676 3449 hominum
718 3392 1026 3448 traditioni
1065 3392 1370 3447 Christum
1406 3397 1676 3464 opponit.
1731 3412 1849 3465 quo
1885 3396 2206 3465 significat,
2257 3397 2431 3469 quio·

176 3465 294 3532 quid
319 3465 381 3519 in
405 3466 714 3518 hominum
746 3463 993 3517 cerebro
1025 3463 1389 3515 fabricatum
1419 3475 1542 3531 est,
1587 3481 1704 3517 non
1743 3482 1871 3516 esse
1903 3465 2144 3518 Christo
2183 3482 2433 3519 consen-

175 3541 389 3586 taneum
408 3573 425 3601 ,
481 3535 581 3604 qui
608 3533 819 3586 unicus
849 3548 880 3582 a
910 3533 1085 3583 Patre
1114 3533 1342 3598 Doctor
1371 3532 1545 3591 nobis
1577 3534 1877 3585 ordinatus
1908 3543 2028 3598 est,
2077 3543 2144 3586 ut
2180 3536 2248 3588 in
2286 3535 2431 3588 sim·

176 3600 429 3667 plicitate
446 3601 767 3669 Evangelii
808 3598 902 3654 sui
940 3617 1047 3653 nos
1085 3602 1361 3653 retineat.
1438 3604 1521 3654 Ea
1550 3610 1747 3655 autem
1773 3602 1866 3654 vel
1898 3603 2114 3670 exiguo
2142 3602 2430 3656 humana·

175 3682 291 3723 rum
323 3669 1049 3724 traditionum-fermento
1092 3670 1522 3738 corrumpitur.
1596 3668 1906 3737 Significat
1942 3671 2089 3723 item
2125 3672 2349 3724 alienas
2391 3691 2429 3727 a

178 3736 392 3791 Christo
430 3757 554 3794 esse
589 3756 790 3791 omnes
819 3738 1150 3803 doctrinas,
1198 3754 1348 3806 quae
1373 3739 1439 3791 in
1469 3737 1777 3790 elementis
1804 3740 2012 3791 mundi
2046 3741 2279 3794 cultum
2307 3743 2428 3796 Dei

178 3800 567 3876 constituunt,
609 3825 786 3878 quem
819 3824 888 3860 ex
918 3806 1143 3860 Christi
1169 3808 1376 3875 regula
1401 3805 1784 3877 spiritualem
1814 3810 1935 3859 esse
1961 3808 2220 3863 scimus:
2274 3825 2429 3880 quae

179 3874 332 3929 etiam
365 3878 674 3930 hominum
714 3884 938 3928 mentes
980 3873 1151 3941 nugis
1188 3874 1312 3928 illis
1349 3892 1419 3928 ac
1450 3876 1615 3928 tricis
1639 3873 2009 3943 impediunt,
2048 3894 2234 3958 quum
2258 3891 2429 3936 recta
2514 3905 2526 3919 ¹

178 3958 268 3995 nos
293 3945 361 3998 ad
393 3963 456 4000 se
483 3955 663 3999 vocet
694 3944 985 3997 Christus.
1055 3942 1169 3995 Sed
1193 3944 1332 4011 quid
1361 3953 1536 3996 vocat
1564 3946 1863 3995 Elementa
1889 3945 2082 3996 »nundi
2101 3945 2133 3996 Ρ
2169 3963 2290 3999 non
2319 3947 2428 4002 du·

178 4006 320 4065 bium
355 4012 496 4084 quin
533 4013 935 4081 ceremonias.
1005 4012 1157 4064 Nam
1195 4014 1481 4066 continuo
1523 4019 1660 4081 post
1698 4009 1952 4081 exempli
1991 4013 2125 4066 loco
2163 4014 2428 4083 speciem

178 4092 335 4135 unam
375 4084 643 4150 adducit,
692 4080 1221 4141 Circumcisionem
1263 4080 1515 4132 scilicet.
1543 4084 1544 4091 ’
1568 4081 1708 4131 Cur
1736 4089 1932 4133 autem
1959 4079 2046 4134 ita
2071 4093 2279 4149 vocet,
2318 4085 2426 4138 dn-

180 4148 298 4217 qux
323 4152 470 4204 ratio
504 4151 703 4205 afferri
737 4150 909 4205 solet.
976 4150 1076 4202 alii
1102 4150 1549 4213 translationem
1578 4165 1704 4200 esse
1741 4157 1984 4216 putant,
2037 4161 2103 4205 ut
2133 4152 2425 4207 elementa
2519 4160 2526 4171 ‘

181 4215 284 4269 nint
306 4222 554 4288 puerilia
582 4220 946 4283 rudimenta,
987 4235 1135 4299 quae
1164 4234 1281 4269 non
1314 4220 1648 4287 perducunt
1673 4219 1741 4269 ad
1772 4216 2026 4271 solidam'
2050 4219 2425 4287 doctrinamk

180 4283 264 4336 alii
286 4288 588 4359 accipiunt
611 4289 674 4342 in
700 4288 948 4358 proprio
979 4285 1305 4357 significatu
1335 4304 1443 4356 pro
1474 4287 1649 4338 rebus
1676 4284 1936 4337 externis
1965 4297 2022 4339 et
2050 4289 2423 4357 corruptioni

179 4350 465 4425 subiectis,
494 4375 645 4429 quae
672 4357 826 4409 nihil
851 4356 921 4407 ad
950 4358 1335 4422 Dei'regnum
1361 4356 1610 4412 faciunt.
1682 4354 1855 4410 Prior
1893 4355 2190 4428 expositio
2219 4360 2421 4428 -magis

181 4424 373 4479 arridet
389 4464 408 4494 ,
442 4428 593 4483 'sicut
618 4436 682 4481 et
708 4428 783 4482 ad
811 4425 1054 4493 Galatas
1081 4424 1283 4496 capita
1308 4424 1364 4494 4,
1392 4424 1446 4478 8.
