2820 4895
268 207 395 269 ιω
540 191 543 198 ’
667 175 671 184 ’
768 206 926 273 .ιΝ
996 205 1609 276 ems'roLAn
1673 173 2057 282 „psum”

270 372 565 427 effertur-:⁴-
601 389 936 445 quanquam
968 375 1278 443 'gradatim
1318 375 1390 427 ad
1425 377 1583 428 hanc
1620 375 1828 443 gaudii
1867 376 2346 446 magnitudinem
2372 376 2573 445 expri-

274 443 548 494 mendam
605 446 893 511 procedit.
994 447 1146 499 Nam
1196 444 1393 511 primo
1451 443 1599 496 dicit
1653 447 2127 498 consolationem
2175 447 2570 513 percepimus.-

278 518 486 578 postea
526 511 1072 565 effusum·ubertim
1150 512 1386 573 audium
1428 515 1748 580 praedicat.
1823 514 2142 566 Caeterum
2180 515 2330 568 haec
2366 525 2577 580 gratu·-

273 578 425 629 latio
464 579 585 631 vim
631 581 1064 633 exhortationis
1149 582 1321 633 abet:
1374 592 1551 650 atque
1585 582 1699 632 hoc
1730 581 2056 633 consilium
2089 583 2208 635 fuit
2236 584 2456 645 Panlo,
2507 592 2577 634 ut

278 648 840 701 Thessalonicenses
882 651 952 702 ad
993 650 1361 719 pergendum
1405 650 1707 702 invitaret.
1786 651 1864 702 Et
1903 660 2066 701 certe
2103 651 2200 701 hic
2244 653 2579 704 acerrimus

279 732 409 767 esse
447 716 724 771 stimulus
768 719 1003 782 debuit,
1056 736 1238 788 quum
1278 716 1725 786 intelligerent,
1771 728 1980 771 sancto
2014 720 2299 789 Apostolo
2338 728 2581 773 tantum

278 785 491 840 solatii·
513 796 572 838 et
597 786 806 855 gaudii
835 788 1107 842 accidere
1135 803 1206 840 ex
1241 787 1482 857 pietatis
1508 804 1648 839 suae
1678 788 1976 856 profectu.

413 892 469 945 6.
544 891 740 944 Fidem
780 908 831 945 ιε
870 895 1261 946 dilectionem.
1344 895 1478 963 Quo
1511 892 1887 964 frequentius
1913 891 2067 960 apud
2094 892 2340 946 Paulum
2371 910 2584 954 occur-

280 958 364 1013 rit
401 961 547 1014 haec
586 962 867 1038 loquendi
912 963 1138 1028 forma,
1195 980 1265 1014 eo
1303 962 1652 1029 diligentius
1697 963 1951 1014 notanda
1992 971 2112 1015 est:
2182 973 2375 1016 totam
2418 963 2584 1017 enim

289 1030 522 1097 pietatis
552 1048 842 1084 summam
872 1033 1137 1083 breviter
1161 1032 1399 1090 indicat,
1415 1032 1510 1082 his
1542 1032 1769 1083 duobus
1802 1031 2018 1083 verbis.
2104 1032 2300 1102 Quare
2332 1032 2586 1102 quicun-

252 1123 257 1127 ·
285 1115 403 1167 que
426 1101 504 1151 ad
532 1100 692 1151 hunc
721 1096 1023 1167 'duplicem
1051 1116 1301 1168 scopum
1324 1100 1669 1165 collimant,
1725 1099 1789 1150 in
1820 1107 1949 1152 tota
1979 1097 2096 1151 vita
2125 1108 2263 1152 sunt
2288 1111 2455 1153 extra
2486 1117 2585 1153 er-

287 1167 460 1220 randi
488 1168 847 1237 periculum.
923 1168 1039 1220 Alii
1058 1167 1309 1235 omnes,
1355 1169 1730 1238 quantumvis
1757 1186 1819 1220 se
1847 1177 2196 1237 torqueant,
2235 1169 2453 1222 misere
2481 1188 2588 1224 va-

284 1247 539 1302 ganturae
595 1239 872 1290 Tertium
919 1238 1081 1307 quod
1119 1239 1342 1293 addidit
1379 1238 1451 1288 de
1494 1238 1651 1288 bona
1680 1237 1773 1288 sui
1810 1237 2123 1302 memoria,
2160 1237 2235 1289 ad
2265 1236 2586 1307 Evangelii

283 1305 685 1358 reverentiam
711 1315 959 1371 spectat.
1045 1308 1178 1358 Non
1206 1308 1364 1359 enim
1391 1304 1510 1358 alio
1536 1305 1779 1357 nomine
1810 1306 2061 1359 Paulum
2086 1316 2211 1359 tam
2246 1322 2447 1360 carum
2464 1343 2484 1374 ,
2520 1313 2587 1359 et

291 1371 355 1454 iu
385 1383 554 1426 tanto
581 1376 778 1442 pretio
803 1375 1122 1430 habebant.

336 1501 341 1512 ι
424 1472 477 1525 8.
555 1472 713 1540 Quia
753 1492 906 1524 nunc
944 1474 1212 1526 vivimus.
1286 1455 1403 1527 liic
1445 1472 1662 1546 clarius
1707 1474 1899 1527 adhuc
1938 1483 2139 1542 patet,
2189 1484 2257 1527 ut
2290 1470 2591 1544 seipsum

287 1555 477 1609 prope
519 1542 731 1594 oblitus
772 1544 956 1595 fuerit
1000 1543 1213 1595 Paulus
1256 1543 1879 1596 Thessalonicensium
1923 1560 2101 1595 causa
2126 1580 2143 1609 ,
2206 1545 2587 1610 vel-saltem,

288 1609 639 1677 posthabito·
672 1608 764 1666 sui
802 1620 1113 1681 respectu,
1163 1611 1419 1680 primam
1461 1630 1533 1664 ac
1569 1612 1936 1681 potissimam
1974 1629 2137 1664 suam
2167 1613 2590 1680 cogitationem
2633 1603 2640 1626 ⁸

293 1677 366 1729 ad
405 1677 568 1750 ipsos
610 1680 910 1748 adiecerit.
1011 1680 1360 1753 Quanquam
1408 1698 1527 1733 non
1582 1693 1703 1734 tam
1751 1681 2064 1733 hominum
2108 1682 2305 1740 studio
2342 1681 2410 1732 id*
2440 1682 2591 1733 iecit

336 1762 478 1799 uam
516 1748 741 1816 gloriae
764 1750 1027 1801 Domini.
1102 1750 1198 1801 Sic
1237 1752 1389 1804 enim
1431 1753 1495 1801 in
1539 1759 1747 1801 sancto
1789 1759 2028 1816 pectore
2073 1749 2343 1808 feruebat
2367 1749 2479 1802 Dei
2527 1758 2593 1803 et

347 1816 525 1868 hristi
557 1818 748 1883 zelus,
789 1827 854 1870 ut
876 1818 1132 1886 reliquas
1162 1835 1366 1870 omues
1392 1835 1570 1871 curas
1596 1819 2028 1887 quodammodo
2060 1821 2416 1872 absumeret.
2488 1818 2594 1869 Vi·

270 1884 520 1950 vimus,
569 1885 804 1955 inquit,
852 1886 970 1937 hoc
996 1896 1088 1937 est
1121 1902 1286 1941 recte
1312 1888 1609 1952 valemus,
1655 1888 1704 1940 si
1737 1887 1838 1939 vos
1863 1887 1927 1941 in
1956 1886 2222 1940 Domino
2246 1885 2594 1956 persevera-

292 1954 392 2008 tis.
465 1954 544 2008 Et
567 1956 675 2007 suh
705 1955 981 2007 adverbio
1013 1956 1183 2007 Nunc
1214 1958 1433 2024 repetit
1460 1957 1619 2025 quod
1649 1956 1810 2025 prius
1844 1956 2107 2021 dixerat,
2161 1967 2223 2007 se
2254 1955 2596 2008 afflictione

262 2065 266 2070 .
297 2032 358 2075 et
384 2024 739 2088 necessitate
765 2024 1029 2090 graviter
1059 2024 1240 2077 fuisse
1270 2021 1651 2094 oppressum:
1696 2022 1983 2095 quicquid
2008 2034 2209 2077 tamen
2232 2026 2370 2077 mali
2399 2024 2596 2092 patia-

295 2100 396 2143 tur
424 2090 487 2143 in
521 2108 627 2145 sua
653 2110 908 2161 persona
926 2129 943 2158 ,
977 2092 1041 2145 id
1069 2101 1174 2145 suo
1205 2094 1424 2163 gaudio
1453 2093 1689 2145 obstare
1716 2102 1913 2163 negat,
1955 2099 2025 2145 ac
2053 2093 2107 2146 si
2137 2094 2397 2148 diceret:
2433 2094 2593 2163 Ego,

300 2157 534 2212 etiamsi
571 2161 634 2211 in
676 2179 769 2212 me
803 2164 918 2213 sim
957 2171 1230 2215 mortuus
1251 2199 1268 2227 ‚
1316 2162 1380 2214 in
1406 2163 1602 2215 salute
1630 2171 1827 2215 vestra
1853 2163 2008 2215 vivo.
2077 2162 2236 2216 Hinc
2265 2164 2597 2228 admonen-

295 2238 397 2281 tur
423 2239 623 2282 o’mnes
651 2230 956 2295 pastores,
1005 2232 1190 2299 qualis
1226 2230 1387 2283 inter
1425 2232 1584 2299 ipsos
1624 2239 1685 2282 et
1711 2227 2039 2282 Ecclesiam
2072 2231 2426 2284 coniunctio
2462 2247 2598 2282 esse
2673 2267 2676 2268 γ

297 2297 543 2363 debeat,
599 2316 815 2366 nempe
861 2309 928 2352 ut
968 2316 1031 2350 re
1072 2300 1277 2364 beatos
1317 2310 1634 2369 reputent,
1685 2307 1881 2368 'quum
1923 2300 2229 2352 Ecclesiae
2278 2302 2432 2353 bene
2478 2307 2596 2368 est,

301 2366 768 2424 etiamsimultis
798 2368 1019 2437 alioqui
1049 2369 1314 2420 miseriis
1340 2370 1460 2421 sint
1488 2368 1866 2419 circumdati.
1936 2369 2348 2436 Contraxvero,
2388 2361 2600 2436 quam-

297 2436 638 2509 uis’alioqui
666 2455 760 2490 res
789 2436 981 2501 laetae
1007 2438 1129 2490 sint
1159 2457 1226 2491 ac
1252 2437 1573 2498 secundae,
1611 2438 1661 2489 si
1688 2437 1902 2491 cadere
1930 2436 2129 2491 vident
2158 2446 2530 2492 exstructum
2559 2456 2598 2491 a

296 2514 363 2581 ses
385 2504 757 2576 aedificium,
795 2506 961 2561 luctu
990 2517 1051 2560 et
1076 2524 1355 2560 moerore
1383 2509 1717 2559 tabescant.

432 2605 487 2662 9.
514 2652 517 2655 ,
565 2604 753 2674 Quam
783 2608 954 2671 enim.
1012 2607 1162 2659 >Non
1192 2602 1506 2659 contentus
1538 2605 1794 2675 simplici
1823 2606 2248 2669 affirmatione,
2300 2621 2473 2676 quam
2502 2605 2599 2658 i'n-

298 2691 442 2748 gens
479 2674 569 2733 sitq
592 2674 799 2744 gaudii
841 2676 933 2727 sui
971 2675 1316 2744 magnitudo
1363 2672 1678 2745 exprimit,
1733 2675 1873 2728 dum
1912 2695 1974 2727 se
2011 2678 2204 2743 ipsum
2242 2675 2600 2746 interrogat,

302 2745 508 2816 quales
551 2743 743 2812 possit
781 2752 958 2812 agere
1004 2745 1228 2812 gratias
1259 2746 1407 2796 Deo.
1458 2743 1544 2796 sic
1573 2743 1730 2797 enim
1758 2746 2056 2814 loquendo
2085 2745 2311 2797 nullam
2342 2760 2403 2796 se
2431 2745 2606 2794 inve-

303 2813 443 2865 nire
476 2813 808 2882 gratiarum
837 2813 1139 2866 actionem
1165 2823 1442 2877 testatur,
1479 2814 1634 2882 'quae
1662 2814 1735 2868 ad
1758 2815 2131 2883 aequandum
2162 2813 2442 2880 gaudium
2470 2810 2602 2865 suf-

298 2880 480 2940 ficiat.
555 2882 814 2932 Gaudere
841 2900 901 2933 se
932 2900 1127 2934 coram
1150 2884 1276 2934 Deo
1323 2882 1468 2952 dicit
1501 2898 1611 2952 pro
1656 2900 1726 2935 eo
1767 2882 1931 2954 quod
1972 2892 2062 2936 est
2098 2899 2237 2934 vere
2278 2891 2338 2935 et
2375 2881 2605 2952 absque

197 2987 228 3009 -.
270 3020 273 3026 .
302 2950 687 3021 simulatione
719 2951 862 3005 ulla.

438 3051 543 3104 10ae
603 3050 788 3115 Supra
817 3052 1057 3103 ‚modum
1095 3067 1419 3120 precantes.
1507 3051 1685 3104 Redit
1710 3051 1783 3105 ad
1808 3066 1981 3103 suurn
2007 3049 2395 3119 desiderium}
2445 3065 2605 3101 nun·

301 3135 478 3191 quam
529 3119 690 3171 enim
739 3121 822 3171 ita
872 3120 936 3171 in
984 3121 1240 3175 solidum
1263 3121 1582 3188 ,gratulari
1634 3119 1979 3173 hominibus
2027 3120 2171 3173 licet
2212 3118 2492 3189 quamdiu
2531 3120 2606 3171 in

301 3187 528 3241 mundo
569 3187 809 3254 vivunt,
862 3190 998 3259 quin
1026 3189 1238 3242 melius
1264 3206 1501 3258 semper
1526 3189 1750 3259 aliquid
1776 3197 2067 3256 optemus.
2142 3189 2287 3240 Sunt
2312 3189 2467 3240 enim
2498 3190 2607 3238 ad-

301 3259 424 3310 huc
463 3256 530 3319 in
567 3257 690 3308 via:
737 3257 858 3308 labi
900 3256 995 3308 vel
1033 3274 1239 3317 errare
1280 3269 1561 3335 possunt,
1595 3271 1699 3310 aut
1724 3260 1905 3313 etiam
1933 3258 2334 3309 retrocedere.
2410 3256 2607 3323 Optat
2659 3252 2676 3323 ,¹

303 3342 448 3393 ergo
479 3324 690 3377 Paulus
717 3325 831 3376 sibi
862 3325 1212 3378 facultatem
1242 3328 1393 3391 dari,
1432 3336 1498 3378 ut
1528 3327 1797 3379 defectus
1821 3326 1962 3377 fidei
1992 3325 2605 3378 Tliessalonicensium

302 3392 633 3446 instauret:
698 3393 790 3444 vel
833 3394 1014 3463 (quod
1044 3395 1205 3447 idem
1231 3396 1346 3463 est)
1383 3395 1563 3447 fidem
1598 3396 1805 3449 'eorum
1838 3412 1996 3464 quae·
2024 3394 2214 3451 adhuc
2239 3394 2608 3461 imperfecta

304 3472 432 3528 est,
480 3463 606 3513 suis
649 3464 915 3515 numeris
957 3462 1247 3517 absolvat.
1323 3465 1499 3532 Atqui
1529 3464 1675 3515 haec
1702 3464 1847 3516 fides
1876 3472 2003 3529 est,
2044 3480 2221 3533 quam
2243 3464 2403 3525 'mire
2425 3470 2608 3514 ante-

301 3531 416 3583 hac
444 3530 789 3584 celebravit.
874 3531 983 3583 Sed
1020 3532 1163 3582 hinc
1200 3531 1570 3601 colligimus,
1617 3528 1720 3601 qui
1748 3533 1903 3585 alios
1929 3532 2111 3602 longo
2146 3535 2335 3599 spatio
2361 3532 2606 3583 antece·

212 3632 217 3639 -
309 3598 490 3663 dunt,
538 3598 793 3651 multum
822 3599 1015 3655 adhuc
1045 3616 1078 3652 a
1107 3609 1266 3651 meta
1295 3601 1542 3652 distare.
1622 3602 1835 3670 Itaque
1874 3600 2253 3670 quantumvis
2290 3596 2605 3668 progressi

300 3668 519 3736 pimus,
546 3668 800 3721 'veniant
828 3667 995 3720 nobis
1028 3685 1260 3736 semper
1288 3668 1352 3720 in
1379 3678 1642 3730 mentem
1670 3664 2290 3740 ηοειτοὺστερήματαε
2337 3685 2411 3717 ne
2443 3667 2608 3720 ultra

306 3736 455 3791 e'niti
501 3736 723 3805 pi‘geat.
750 3740 751 3747 ’
809 3737 966 3789 Hinc
1004 3735 1384 3804 etiam-patet
1414 3754 1593 3806 quam
1618 3736 1957 3790 necessaria
1985 3741 2062 3790 sit
2093 3740 2264 3790 nohis*
2284 3736 2604 3789 doctrinae

309 3805 652 3859 assiduitast
692 3801 1077 3875 nequeenim
1108 3805 1173 3857 in
1197 3807 1310 3858 hoo
1336 3816 1569 3859 tantum
1599 3806 1859 3857 ordinati
1885 3817 2021 3859 sunt
2046 3807 2321 3871 doctores
2338 3843 2356 3870 ‚
2392 3815 2460 3857 ut
2485 3821 2605 3856 uno
2633 3864 2636 3865 7

305 3874 403 3926 die
441 3872 538 3926 vel
576 3889 780 3925 mense
822 3874 1088 3928 homines
1126 3874 1425 3928 adducant
1463 3874 1537 3926 ad
1577 3874 1753 3927 fidem
1780 3875 2044 3941 Christi,
2088 3876 2188 3926 sed
2213 3885 2281 3926 ut
2307 3873 2483 3925 fidem
2510 3871 2607 3926 in·
2684 3884 2688 3888 ’

308 3942 585 3995 choatam
617 3942 952 4010 perficiant.
1027 3943 1537 4012 Caeterumkquod
1564 3944 1669 3995 sibi
1699 3945 1913 3995 Paulus
1943 3943 2255 4007 adscribit,
2297 3941 2452 4010 quod
2472 3941 2606 4008 spi·

306 4011 460 4083 ritus
503 4012 1047 4080 sanctiproprium
1097 4027 1220 4065 esse
1258 4012 1404 4064 alibi
1444 4015 1519 4080 (Ι.
1544 4013 1686 4064 Cor.
1711 4013 1796 4077 14,
1823 4013 1929 4072 16.)
1973 4011 2306 4080 praedicat:
2369 4010 2487 4062 hoc
2528 4008 2609 4063 ad
2659 4028 2664 4032 ·

307 4079 706 4133 ministerium
750 4080 1113 4149 restringere
1147 4090 1405 4149 oportet.
1489 4083 1678 4133 Porro
1707 4097 1891 4150 quum
1918 4079 2166 4133 hominis
2196 4076 2608 4131 ministerium

305 4144 556 4202 inferius
594 4148 670 4200 sit
697 4149 961 4217 Spiritus
1000 4148 1308 4217 efficacia,
1361 4158 1423 4201 et
1458 4148 1552 4201 illi
1597 4154 1689 4214 (ut
1714 4148 1895 4217 vulgo
1919 4148 2270 4219 loquuntur)
2312 4145 2608 4219 subalter-

288 4232 483 4283 -num‚
518 4216 675 4268 nihil
710 4234 782 4272 ex
819 4234 890 4272 ea
925 4217 1243 4272 imminuit.
1316 4217 1519 4287 Quum
1556 4216 1712 4269 dicit
1745 4218 1940 4275 sefdie
1978 4235 2049 4269 ac
2079 4220 2257 4271 'nocte
2295 4217 2609 4285 plusquam

310 4287 546 4339 abunde
574 4286 761 4339 fuisse
785 4296 1130 4355 precatumz
1185 4303 1256 4339 ex
1282 4285 1378 4338 his
1408 4286 1603 4340 verbis
1633 4285 1838 4357 colligi
1858 4282 2097 4366 potest,
2133 4300 2311 4355 quam
2337 4276 2632 4338 assiduus.

308 4356 496 4411 fixerit
520 4353 586 4408 in
620 4360 847 4410 orando
868 4354 999 4411 Deo
1016 4392 1033 4423 ,
1068 4365 1128 4409 et
1154 4373 1335 4429 quam
1363 4355 1645 4411 ardenter
1672 4371 1740 4409 ac
1766 4372 1921 4425 aerio
1953 4352 2013 4408 id
2041 4353 2278 4409 fecerit.
2307 4353 2320 4364 “
