2820 4895
350 253 478 318 294
606 197 623 206 “
866 253 975 317 m
1044 253 1663 322 EPISTOLAE
1731 195 2096 322 muti·
2167 227 2174 232 “

356 417 436 472 lis
461 416 741 486 vocibus,
784 420 888 473 sed
916 419 978 473 in
1004 431 1296 491 perpetua
1321 424 1695 489 resonantia,
1743 422 2307 492 quam-dupnmant
2328 418 2657 474 ambitiosi

359 486 666 554 homines,
723 487 827 557 qui
878 489 1153 556 plausum
1199 494 1382 559 magis
1434 502 1682 561 captant
1727 508 1905 561 quam
1941 492 2242 545 Ecclesiae
2281 489 2658 558 profectum.

360 557 444 607 Et
482 556 787 624 aptissime
830 561 1117 625 expressit
1147 562 1360 613 Paulus
1386 577 1524 613 ram
1546 561 1753 629 ipsam.
1803 578 1942 613 nam
1974 577 2154 629 quum
2187 555 2660 636 grande'neseio

364 623 513 693 quid,
537 635 840 689 resonent,
888 626 1047 679 nihil
1072 637 1268 682 tamen
1296 631 1527 682 subest:
1582 638 1670 681 est
1694 627 1879 699 igitur
1902 628 2101 696 ¹inanis
2131 626 2420 692 tinnitus,
2473 643 2661 694 quem
2717 644 2734 649 ’

362 694 684 761 profanum
725 696 896 745 etiam
940 705 1147 763 vocat,
1198 700 1481 766 quoniam
1519 697 1806 752 exstincta
1844 707 1934 749 est
1966 695 2059 747 vis
2094 695 2354 763 Spiritus
2381 692 2664 746 simulat-

405 778 479 812 ue
505 762 798 815 Doctores
837 764 924 815 ita
963 762 1179 817 inflant
1220 784 1350 820 suas
1389 765 1565 818 tibias
1606 765 1678 817 ad
1713 782 1880 817 suam
1911 763 2318 834 eloquentiam
2348 763 2668 815 venditan-

363 779 521 881 gam.
595 831 810 882 Contra
846 840 972 883 tam
1000 835 1229 886 claram
1252 853 1320 887 ac
1353 843 1627 886 testatam
1656 834 1914 901 Spiritus
1956 833 2146 884 sancti
2191 831 2667 900 prohibitionem

364 899 637 965 perrupit
676 899 1065 954 nihilominus
1103 902 1250 953 haec
1289 904 1503 972 pestis,
1541 920 1611 953 ac
1640 901 1841 954 statim
1867 901 2105 971 quidem
2136 901 2208 956 ab
2240 899 2417 952 initio
2449 900 2669 967 coepit

278 1007 279 1022 ,
318 986 323 992 ·
361 965 695 1033 pullulare:
742 970 830 1017 ita
861 986 999 1019 vero
1031 969 1267 1023 demum
1296 970 1612 1039 grassando
1648 971 1909 1026 obtinuit
1937 969 2002 1024 in,
2028 971 2285 1037 Papatu,
2323 976 2392 1021 ut
2426 969 2669 1020 adulte-

361 1034 499 1085 rina
542 1035 874 1103 theologiae
912 1037 1109 1104 larva,
1160 1056 1310 1108 quae
1339 1039 1472 1091 illic
1502 1051 1747 1109 regnat,
1787 1040 2086 1091 vivumsit
2117 1037 2423 1105 speculum
2455 1037 2672 1105 proia-

362 1118 478 1154 nae
518 1101 690 1155 istius
733 1112 792 1153 et
834 1105 1028 1159 inanis
1075 1109 1484 1174 resonantiae,
1538 1109 1707 1159 cuius
1744 1106 2025 1160 meminit
2067 1107 2302 1158 Paulus.
2405 1097 2671 1172 Oniitto,

338 1170 526 1238 ⁸quod
575 1171 909 1224 innumeris
962 1175 1294 1243 erroribus,
1359 1176 1595 1230 delitiis
1636 1194 1706 1229 ac
1752 1174 2134 1243 blasphemiis
2174 1173 2404 1227 scatent
2451 1191 2670 1226 eorum

361 1239 509 1291 libri
548 1257 614 1290 ac
654 1242 945 1295 clamosae
985 1242 1133 1295 illae
1175 1245 1622 1312 disputationes.
1696 1247 1914 1297 Verum
1944 1242 2176 1310 etiamsi
2206 1243 2350 1295 alias
2378 1243 2535 1295 nihil
2567 1243 2672 1295 do-

365 1317 575 1360 cerent
614 1309 899 1376 impium:
953 1313 1229 1381 quoniam
1264 1323 1466 1366 tamen
1496 1323 1625 1365 tota
1655 1312 2165 1365 eorum-doctrina
2196 1312 2354 1364 nihil
2385 1311 2673 1364 continet

365 1387 606 1445 praeter
637 1379 1065 1445 sesquipedales
1098 1382 1418 1449 ampullas,
1457 1381 1733 1451 quoniam
1765 1398 1798 1432 a
1829 1381 2144 1434 maiestate
2170 1381 2554 1448 scripturae,
2591 1379 2671 1434 ab

367 1447 614 1512 energia
657 1446 944 1513 Spiritus,
995 1466 1026 1500 a
1069 1451 1428 1517 prophetica
1470 1451 1797 1518 gravitate,
1850 1467 1882 1501 a
1922 1450 2267 1503 sinceritate
2310 1446 2673 1517 Apostolica

366 1530 609 1582 prorsus
651 1514 844 1567 aliena
888 1513 1005 1584 es‘t,
1059 1535 1127 1570 eo
1171 1519 1302 1587 ipso
1345 1535 1513 1571 mera
1549 1529 1639 1571 est
1677 1517 1973 1586 genuinae
2001 1518 2346 1585 theologiae
2378 1516 2671 1585 profana·

366 1582 476 1633 tio.
565 1583 729 1650 Quid.
751 1584 909 1636 enim
930 1624 946 1650 ,
996 1588 1280 1654 obsecro,
1328 1587 1546 1644 defide
1575 1597 1677 1642 aut
1705 1585 2112 1654 poenitentia,
2151 1597 2251 1639 aut
2275 1585 2670 1638 invocatione

362 1649 515 1701 Dei:
571 1652 816 1719 quid-de
858 1655 1167 1706 hominum
1212 1656 1656 1721 imbecillitate,
1710 1656 1964 1723 Spiritus
1992 1655 2181 1706 sancti
2217 1653 2476 1720 auxilio,
2521 1670 2671 1721 gra-

365 1720 521 1771 tuita
554 1730 939 1788 peccatorum
966 1724 1348 1776 remissione:
1398 1725 1538 1792 quid
1563 1724 1872 1780 de‘officio-
1900 1722 2122 1776 Christi
2155 1731 2451 1788 tractant,
2499 1722 2670 1790 quod

367 1788 439 1838 ad
477 1788 731 1840 solidam
777 1791 1014 1855 pietatis
1056 1793 1528 1847 aedificationem
1572 1791 1804 1846 valeat?
1872 1791 1981 1845 Sed
2013 1792 2082 1842 de
2111 1791 2200 1843 his
2232 1792 2424 1842 adhuc
2454 1790 2672 1842 dicen·

366 1854 507 1907 dum
549 1858 664 1906 erit
702 1858 759 1908 in
804 1859 992 1912 altera
1037 1864 1308 1929 epistola.
1381 1864 1562 1920 Certe
1607 1860 1876 1931 quisquis
1922 1859 2205 1913 mediocri
2250 1858 2667 1927 intelligentia

369 1932 430 1974 et
467 1925 849 1991 ingenuitate.
878 1931 993 1982 erit
1033 1932 1369 1997 praeditus,
1419 1931 1710 1983 fatebitur
1736 1941 1922 1986 totam
1953 1926 2516 1996 magniloquentiam
2555 1929 2666 1980 Pa·

366 1992 519 2059 palis
548 1994 883 2063 theologiae
902 2035 919 2061 ,
975 2007 1035 2049 et
1063 2017 1264 2051 omnes
1283 2038 1299 2066 ,
1339 2017 1492 2066 quae
1523 1998 1587 2049 in
1618 1997 1841 2054 scholis
1870 2013 2076 2049 eorum
2105 2005 2313 2048 tonant
2341 1995 2668 2064 magistra·

363 2060 453 2112 les
484 2062 1038 2133 determinationes,
1078 2071 1227 2121 nihil
1256 2085 1380 2120 esse
1414 2067 1574 2120 aliud
1606 2084 1782 2135 quam
1812 2065 2092 2133 profanas
2119 2068 2497 2133 κενοφωνίας,
2552 2079 2667 2117 neo

365 2130 491 2183 alio
530 2132 711 2182 titulo
758 2150 924 2196 posse
968 2137 1167 2204 aptius
1205 2137 1562 2205 designari..
1623 2136 1697 2190 Et
1723 2145 1886 2194 certe
1917 2134 2064 2186 haec
2088 2133 2528 2186 iustissima—est
2555 2132 2667 2185 hu-

366 2215 581 2251 manae
621 2185 992 2272 arrogaptiae
1033 2219 1260 2274 poena,
1310 2215 1409 2270 ut,
1459 2205 1798 2274 quicunque
1833 2205 2203 2271 degenerant
2240 2220 2273 2254 a
2316 2200 2666 2280 Scripturae

367 2268 665 2335 puritate,
728 2273 1166 2337 profanescant.
1262 2276 1459 2342 Quare
1510 2290 1627 2324 non
1680 2282 1930 2341 possunt
1973 2271 2147 2323 nimis
2189 2270 2398 2326 sedulo
2442 2267 2665 2322 intenti

369 2352 496 2389 esse
526 2337 829 2392 Ecclesiae
854 2343 1148 2395 Doctores
1180 2344 1253 2395 ad
1284 2344 1566 2394 cavendas
1598 2340 1887 2393 eiusmodi
1917 2341 2318 2406 corruptelas,
2359 2347 2427 2391 [et
2453 2353 2664 2389 arcen-

369 2403 503 2457 dam
546 2405 681 2458 inde
718 2406 1100 2466 iuventutem.
1182 2414 1381 2467 ⁴Vetus
1433 2410 1767 2479 interpres,
1830 2412 2211 2479 καινοφωνίας
2258 2410 2472 2477 legens
2525 2423 2668 2461 cum

369 2473 773 2543 diphthongo,
823 2482 1132 2534 transtulit
1161 2481 1492 2534 Novitates.
1575 2483 1649 2532 Et
1665 2490 1922 2548 ‘apparet
1954 2497 2025 2532 ex
2058 2489 2322 2532 veterum
2363 2494 2666 2529 commen·

367 2543 572 2607 tariis,
639 2545 960 2601 lectionem
1008 2551 1161 2602 hanc
1199 2550 1341 2601 olim
1381 2550 1566 2601 fuisse
1606 2558 1914 2616 receptam
1955 2549 2126 2607 inter„
2155 2548 2415 2613 multos,
2467 2563 2663 2614 ‘quam

366 2628 531 2677 nunc
561 2612 745 2667 etiam
778 2616 992 2669 Graeci
1023 2618 1259 2688 quidam
1293 2617 1527 2669 codices
1560 2619 1838 2670 retinent.
1878 2634 2084 2669 verum
2110 2616 2277 2683 prior
2303 2615 2413 2666 illa
2428 2649 2462 2679 ,,
2486 2630 2663 2683 quam

367 2692 656 2746 sequutus
680 2701 843 2749 sum,
877 2687 1058 2754 longe
1094 2687 1303 2740 melius
1331 2686 1603 2756 quadrat.
1757 2684 2280 2752 Et'oppositiones.·
2351 2685 2487 2745 ‚Hoc
2526 2698 2665 2752 quo·

370 2751 828 2817 quetadm'odum
859 2757 1103 2825 proprie
1131 2766 1189 2808 et
1224 2756 1313 2807 ele
1360 2764 1549 2806 anter.
1591 2764 1826 2806 tantum
1859 2756 2015 2809 enim
2044 2753 2280 2813 timoris
2311 2752 2539 2805 habent
2569 2769 2663 2802 ar·

369 2818 607 2884 gutiae,
675 2822 887 2889 quibus
941 2841 1002 2875 se
1056 2824 1280 2876 iactant
1371 2823 1604 2875 omines
1656 2814 1878 2893 gloriae
1931 2822 2157 2895 cupidi,
2218 2831 2287 2872 ut
2320 2837 2665 2889 germanam

371 2886 681 2954 Evangelii
714 2890 1075 2956 doctrinam,
1112 2911 1261 2962 quae
1292 2892 1542 2961 simplex
1573 2901 1660 2945 est
1693 2902 1754 2944 et
1780 2893 2102 2958 submissa,
2145 2891 2418 2942 obruant.
2495 2889 2664 2941 Pom·

270 3032 277 3037 ‘
371 2971 510 3023 pam
536 2973 677 3023 ergo
707 2958 898 3023 illam,
951 2980 1101 3029 quae
1132 2960 1352 3014 eminet
1371 2997 1389 3026 ,
1438 2969 1503 3012 et
1531 2978 1680 3030 quae
1707 2961 2081 3028 cumfplausu
2111 2960 2403 3027 excipitur
2427 2974 2462 3008 a
2491 2974 2665 3009 mun-

370 3022 481 3087 do,
533 3038 700 3079 vocat
730 3031 1042 3093 Apostolus
1080 3032 1498 3099 oppositiones.
1587 3029 1850 3095 Ambitio
1881 3027 2124 3099 quidem
2157 3043 2390 3095 semper
2421 3037 2666 3080 conten·

345 3090 521 3145 ‘tiosa
550 3106 668 3160 est,
719 3113 784 3147 ac
826 3101 1218 3152 certaminum
1264 3099 1487 3150 mater:
1540 3099 1698 3151 unde
1734 3098 1804 3149 fit
1841 3108 1938 3164 ut,
1985 3096 2087 3166 qui
2127 3114 2188 3149 se
2227 3096 2448 3147 iactare
2485 3112 2667 3163 appe-

371 3169 544 3226 tunt,
593 3181 939 3233 quacunque
982 3168 1052 3218 de
1098 3186 1162 3218 re
1205 3166 1518 3236 digladiari
1555 3166 1931 3232 sint-parati.
2017 3167 2153 3217 Huc
2191 3175 2392 3231 tamen
2436 3162 2668 3230 praeci-

372 3245 491 3298 pue
530 3235 785 3301 respexit
826 3235 1074 3301 Paulus,
1125 3237 1519 3305 quod-inanis
1562 3234 1968 3305 sophistarum
2012 3233 2326 3300 doctrina,
2389 3231 2564 3284 altius
2602 3230 2665 3283 in

375 3316 578 3350 aereas
621 3302 1057 3366 speculationes
1101 3315 1161 3355 et
1201 3306 1464 3371 argutias
1510 3320 1866 3370 exsurgens,
1919 3320 2023 3354 sua
2060 3303 2257 3370 specie
2287 3318 2411 3353 non
2454 3302 2667 3352 obscu-

371 3368 469 3423 ra't
514 3370 688 3418 modo
726 3370 1170 3434 simplicitatem
1198 3390 1375 3423 verae
1406 3372 1745 3437 doctrinae,
1783 3374 1883 3424 sed
1911 3372 2094 3423 etiam
2128 3370 2408 3438 'opprimit
2437 3386 2505 3421 ac
2534 3368 2666 3420 red-

373 3435 465 3489 dit
504 3438 955 3502 despicabilem:
1011 3452 1074 3491 ut
1114 3442 1359 3493 mundus
1399 3436 1528 3493 fere
1574 3450 1820 3495 externo
1849 3441 2167 3509 splendore
2197 3439 2453 3492 ducitur.
2528 3438 2666 3488 Non

374 3503 505 3555 vult
541 3506 748 3556 Paulus
779 3508 1158 3569 Timotheum
1186 3519 1506 3579 propterea
1539 3510 1937 3571 aemulatione
1969 3509 2181 3579 pungi,
2228 3518 2292 3559 ut
2329 3504 2522 3559 simile
2559 3504 2669 3555 ali-

376 3572 522 3642 quid
564 3583 775 3639 tentet,
867 3579 1299 3646 Quum-autem
1345 3579 1634 3643 humanae
1673 3577 2013 3635 curiositati
2046 3578 2231 3645 magis
2251 3575 2666 3639 ⁴adlubescant,

378 3658 527 3707 quae
558 3643 918 3709 subtilitatis
948 3647 1207 3712 speciem
1239 3664 1469 3714 praese
1505 3648 1742 3711 ferunt,
1777 3647 1871 3699 vel
1912 3654 2050 3697 sunt
2091 3646 2163 3698 ad
2200 3642 2668 3700 ostentationem

376 3711 762 3785 composita&
790 3715 1007 3777 Paulus
1041 3733 1108 3767 ex
1139 3717 1382 3770 adverso
1416 3717 1790 3783 pronuntiat,
1830 3716 2001 3782 salso
2031 3715 2326 3765 nominari
2364 3729 2432 3764 ac
2466 3709 2666 3779 putari

377 3780 723 3846 scientiam,
776 3801 1027 3851 quaese
1072 3784 1311 3837 extollit
1350 3784 1636 3849 adversus,
1675 3783 2012 3851 simplicem
2054 3792 2113 3833 et
2158 3781 2445 3840 humilem
2487 3781 2668 3850 pieta·

375 3845 453 3896 tis
500 3847 853 3903 doctrinam.
929 3853 1082 3919 quod
1130 3853 1454 3921 diligenter
1498 3854 1924 3905 observandum
1966 3861 2087 3916 est,
2138 3862 2205 3902 ut
2243 3850 2536 3901 discamus
2575 3864 2671 3897 se-

280 3986 286 3990 ·
379 3931 520 3973 ,cutte
568 3918 763 3968 ridere
811 3938 876 3970 ac
921 3933 1302 3985 contemnere
1338 3931 1531 3972 totam
1567 3922 1746 3987 istam
1775 3925 2037 3991 iucatam
2065 3920 2449 3987 sapientiam,
2500 3915 2669 3968 cuius

377 3984 778 4051 admiratione
829 3992 1075 4042 mundus
1124 3993 1530 4057 obstupescit,
1577 3986 1641 4040 in
1687 4008 1799 4061 qua
1839 3999 2037 4055 tamen
2079 3988 2242 4041 nulla
2280 3984 2667 4041 subestaedi-

375 4050 603 4115 ficatio.
664 4057 775 4123 ‘Ea
817 4058 977 4121 enim
1021 4060 1255 4113 demum
1304 4068 1571 4122 (auctore
1616 4057 2003 4122 Paulo)‚}ere
2049 4065 2107 4107 et
2145 4055 2368 4110 merito·
2401 4053 2672 4111 nomina-

377 4129 479 4178 tur
533 4121 821 4205 scientia,
893 4143 1043 4195 quae
1086 4128 1153 4179 in
1189 4130 1409 4185 fiducia
1449 4127 1786 4199 timoreque
1823 4125 1942 4180 Dei
1994 4124 2135 4192 (hoc
2178 4123 2378 4181 estin
2417 4119 2666 4193 pietate)

377 4204 495 4249 nos
527 4202 820 4246 instituit.
2649 4202 2672 4213 “
2711 4208 2712 4211 ’

376 4316 383 4385 J
458 4327 602 4408 31.
679 4304 865 4397 Quam
893 4298 1127 4400 quidam
1156 4306 1519 4399 profitentes.
1589 4304 1868 4405 Acsexitu
1891 4298 2067 4384 etiam
2091 4300 2472 4399 demonstrat,
2499 4343 2671 4398 quam

378 4412 634 4465 norgosa
678 4416 775 4468 res
810 4399 918 4468 sit,
956 4399 1763 4489 ίει,Ψιειικιῑφρρθτοςὶιιςίαῗιιᾱηι,
1841 4397 2556 4471 .Deusnni3nita,e,91um
2577 4412 2671 4450 ar-
