2820 4895
323 196 472 303 εἷς,
738 322 743 326 ᾗ
878 222 989 290 m
1050 212 1677 300 emsa-onan
1741 202 2076 295 raum

110 392 115 395 “
214 396 225 412 ²
328 392 528 446 Deum
547 400 608 446 et
630 390 936 449 hominen
969 380 1185 464 nequis
1213 392 1450 449 dubitet
1464 412 1496 462 ,·
1517 394 1712 449 Deum
1739 411 1802 449 se
1825 368 2050 452 hahere
2077 393 2414 467 propitium
2433 430 2453 466 ,
2486 393 2537 450 si
2565 395 2635 449 iu

230 486 231 489 ¹
332 461 580 515 Christo
606 471 865 518 maneat.
936 465 1306 518 Nominatim
1342 463 1522 518 dicite
1573 463 1670 516 Ex
1708 464 1964 532 utrisque
2002 483 2178 518 unum
2204 466 2429 534 secisse.
2511 467 2637 519 Ne·

333 528 593 584 cessaria
619 542 750 589 erat
773 532 922 585 haec
952 533 1219 601 partitio.
1261 550 1500 586 omnem
1531 550 1667 586 cum
1694 533 1990 589 Gentibus
2022 534 2639 588 communicationem

274 632 277 635 >
334 615 443 655 sua
464 600 874 672 praerogativa
900 600 1208 671 indignam
1236 604 1553 672 putabant.
1608 611 1675 656 ut
1701 602 1825 654 tale
1849 604 2239 673 supercilium
2272 603 2391 657 illis
2426 613 2638 656 retun-

332 668 471 735 dat,
521 669 665 721 dicit
697 681 820 739 tqm
857 670 998 723 illos
1038 688 1217 741 quam
1243 671 1472 724 Gentes
1508 672 1572 723 in
1615 686 1802 727 unum
1830 689 2047 742 corpus
2075 672 2387 726 coaluisse.
2458 673 2642 725 Nunc
2717 720 2722 721 γ

335 736 536 790 omnia
561 736 740 791 simul
774 740 994 808 collige
1013 777 1031 807 ,
1077 749 1139 792 et
1163 742 1327 795 hunc
1358 739 1765 810 syllogismum
1790 740 2071 797 conficies
2089 759 2108 795 t
2163 742 2225 795 Si
2251 740 2457 794 Iudaei
2493 757 2641 801 cum
2703 782 2722 789 ,

335 807 469 859 Deo
513 822 720 873 pacem
763 808 1001 862 habere‘
1029 810 1272 876 volunt,
1316 825 1559 861 necesse
1587 819 1678 862 est
1704 819 1771 862 ut
1801 810 2109 864 Christum
2139 811 2400 864 habeant
2428 811 2642 865 conoi-

334 874 640 929 liatorem.
731 877 1005 931 Christus
1042 888 1242 932 autem
1280 894 1395 948 pax
1434 894 1645 931 eorum
1680 879 1856 933 aliter
1894 896 2017 932 non
2061 881 2213 945 erit,
2262 879 2523 949 quam‘si
2561 894 2641 932 ex
2701 943 2706 948 g

336 943 488 1068 {ptis
519 953 588 1065 ez
602 945 908 1066 ·qe}¹;tib{¹⁸
937 956 1361 1068 unumscozptus
1393 946 1644 1067 efficia&
1724 948 1888 1067 {drgo
1913 949 2147 1003 Iudaeis
2173 949 2333 1001 nihil
2370 957 2463 1001 est
2497 965 2642 1003 cunt

404 1031 473 1067 eo
596 1031 671 1066 isi
763 1033 833 1068 en
867 1031 926 1067 es
953 1032 1017 1068 in
1047 1032 1177 1068 soci
1430 1033 1463 1068 a
1510 1032 1586 1068 mi
1646 1031 1717 1067 an
1753 1053 1772 1069 .

483 1051 571 1136 i4.
652 1082 1036 1137 Interstitium
1070 1033 1401 1141 magensem
1465 1086 1544 1138 Ut
1583 1085 1745 1138 hunc
1778 1085 1978 1139 locum
2018 1084 2455 1154 intelligamus,
2514 1085 2639 1139 duo

341 1157 483 1206 sunt
524 1153 931 1207 observandas
981 1152 1197 1207 divisos
1236 1154 1428 1207 fuisse
1455 1152 1707 1206 Iudaeos
1742 1171 1776 1207 a
1805 1155 2097 1211 Gentibus
2124 1156 2195 1206 ad
2225 1154 2459 1207 certum
2485 1164 2643 1209 tem·

340 1238 489 1291 pus,
527 1220 645 1273 Dei
677 1221 1079 1297 ordinatione:
1131 1230 1196 1273 et
1233 1223 1605 1277 ceremonias
1643 1222 1834 1277 huius'
1857 1223 2097 1278 ‚dissidii
2134 1223 2315 1277 fuisse
2342 1224 2639 1295 symbola,

340 1298 417 1343 ut
453 1290 656 1360 palam
696 1299 978 1344 testatum
1016 1292 1195 1344 foret.
1278 1292 1431 1346 Nam
1457 1292 1658 1357 Deus,
1709 1292 2053 1361 praeteritis
2080 1293 2407 1359 Gentibus,
2449 1309 2642 1361 popu·

256 1359 265 1379 ²
340 1359 472 1412 lum
497 1359 671 1411 illum
700 1360 1063 1427 peculiarem
1093 1359 1212 1414 sibi
1238 1359 1564 1430 delegerat.
1613 1362 1921 1429 ·Magnum
1948 1361 2269 1414 divortium
2288 1399 2307 1429 ,
2345 1362 2502 1431 quod
2531 1358 2642 1413 alil

340 1435 483 1481 sunt
514 1428 839 1481 domestici
854 1429 1160 1482 Ecclesiae
1179 1465 1196 1494 ,
1245 1428 1348 1481 alii
1374 1439 1577 1483 autem
1608 1429 1878 1483 extranei
1907 1431 1981 1483 ab
2014 1429 2302 1484 Ecclesia.
2388 1431 2519 1482 Hoc
2550 1438 2643 1482 est

343 1496 503 1566 quod
532 1497 683 1554 dicit
712 1497 916 1551 Moses
941 1499 1003 1551 in
1031 1478 1520 1568 Canticov(beut.
1550 1497 1639 1565 32,
1662 1499 1774 1563 8.)=
1814 1499 2010 1569 Quum
2041 1507 2380 1552 secerneret
2409 1497 2643 1553 Altissi-

342 1582 476 1618 mus
506 1566 762 1631 Gentes,
800 1583 982 1636 quum
1013 1567 1402 1621 distribueret
1429 1569 1717 1637 populos,
1766 1568 1965 1634 posuit
1986 1569 2050 1621 in
2078 1568 2262 1622 Iacob
2298 1568 2644 1622 funiculum
2747 1554 2760 1569 ’

346 1648 542 1689 suum.
614 1634 792 1687 Vides
828 1635 980 1688 fixos
1012 1653 1045 1688 a
1071 1637 1204 1691 Deo
1234 1637 1493 1702 limites,
1546 1637 1763 1705 quibus
1790 1637 2081 1704 populum
2111 1654 2297 1690 unum
2325 1653 2359 1688 a
2387 1636 2652 1706 reliquis

343 1702 661 1756 discernat.
710 1704 851 1757 inde
887 1704 1249 1774 inimicitia,
1292 1706 1462 1759 cuius
1491 1705 1764 1759 meminit
1785 1705 1884 1760 hic
1912 1706 2152 1759 Paulus.
2242 1707 2649 1774 segregantur

345 1772 509 1826 enim
557 1771 658 1824 alii
694 1774 768 1826 ab
810 1773 979 1839 aliis,
1032 1774 1204 1844 dum,
1246 1775 1502 1828 reiectis.
1523 1774 1848 1840 Gentibus,
1894 1775 2057 1829 solos
2087 1773 2331 1828 Iudaeos
2362 1775 2476 1833 sibi
2499 1791 2649 1827 coo·

344 1849 480 1962 ftat
495 1842 679 1910 Deus,
708 1854 771 1895 et
796 1844 1165 1912 sanctificat,
1187 1862 1223 1898 a
1248 1842 1556 1901 communi
1580 1842 1829 1897 humani
1862 1842 2109 1915 generis*
2127 1843 2460 1913 pollutione
2482 1843 2647 1912 ipsos
2747 1860 2752 1867 ·

372 1910 678 1967 iberando.
759 1911 1010 1965 Additae
1038 1922 1247 1982 postea
1270 1922 1410 1965 sunt
1435 1911 1860 1977 ceremoniae,<
1900 1929 2087 1982 quae,
2117 1923 2417 1982 ¹tanquam
2445 1911 2648 1981 parie-

346 1986 442 2031 tes
461 2016 478 2046 ‚
518 1978 633 2032 Dei
663 1981 1056 2035 hereditatem
1082 1981 1497 2047 includerent,
1533 1999 1610 2034 ne
1639 1981 1912 2035 omnibus
1939 1980 2171 2050 pervi'a,
2208 1980 2315 2034 au't
2339 1979 2473 2034 aliis
2506 1993 2650 2051 po's·

346 2049 702 2102 sessionibus
742 2050 1027 2117 permista
1064 2051 1259 2116 foret,
1321 2051 1588 2121 adeoque
1631 2051 1857 2103 Gentes
1898 2066 1931 2102 a
1966 2051 2083 2104 Dei
2117 2067 2304 2120 regno
2345 2060 2649 2107 arcerent·

268 2174 272 2177 Α
344 2117 524 2171 Nunc
551 2116 696 2171 dicit
726 2119 1039 2187 Apostolus
1069 2129 1129 2174 et
1158 2119 1427 2176 sublatas
1456 2137 1582 2173 esse
1612 2117 1999 2187 inimicitias,
2049 2127 2111 2173 et
2149 2120 2442 2188 parietem
2480 2119 2651 2174 diru-

347 2196 500 2238 tum.
574 2187 724 2241 Nam
743 2187 1034 2256 Christus,
1069 2188 1432 2243 beneficium
1458 2189 1790 2257 adoptionis
1817 2186 2177 2255 proferendo
2205 2188 2364 2241 ultra
2391 2186 2649 2242 Iudaeae

279 2259 283 2264 ’
350 2253 679 2321 terminos,
731 2257 937 2310 effecit
974 2269 1040 2312 ut
1080 2275 1285 2312 omnes
1322 2273 1480 2310 nuuc
1519 2258 1703 2310 simus
1746 2257 1988 2310 fratres.
2067 2257 2513 2325 Itawimpletum
2552 2265 2651 2311 est

288 2378 291 2381 ,
351 2322 710 2377 vaticinium
736 2325 884 2378 illud
901 2345 918 2380 ε
957 2327 1215 2397 Iapheth
1242 2327 1309 2379 in
1337 2326 1734 2380 tabernaculis
1754 2326 1889 2380 Sem
1913 2324 2216 2379 habitabit
2241 2327 2417 2392 (Gen.
2439 2325 2492 2391 9,
2506 2325 2651 2393 27.)-

298 2424 313 2433 —
349 2391 480 2445 Iam
510 2393 672 2446 clara
699 2402 837 2450 sunt
862 2397 1039 2449 verba
1073 2394 1261 2451 Pauli.
1340 2394 1710 2465 Impediebat
1738 2395 1936 2465 paries
1967 2395 2232 2460 medius,
2268 2410 2345 2447 ne
2370 2395 2650 2449 Christus

353 2462 583 2514 Gentes
612 2464 845 2521 Iudaeis
881 2475 1260 2535 aggregaret.
1331 2464 1634 2517 Parietem
1663 2481 1808 2534 ergo
1839 2465 2053 2519 diruit.
2140 2464 2353 2519 Postea
2378 2463 2534 2516 ratio
2558 2465 2654 2517 di-

348 2530 476 2583 ruti
508 2532 747 2598 parietis
775 2535 1163 2603 exprimitur,
1204 2532 1432 2589 dissidii
1462 2532 1714 2586 abolitio
1746 2550 1854 2601 per
1878 2530 2103 2587 Christi
2134 2549 2408 2597 carnemt
2455 2531 2654 2602 siqui*

352 2598 490 2660 dem
516 2600 701 2654 Filius
729 2601 878 2669 Dei,
925 2619 1305 2655 communem
1330 2604 1602 2655 omuibus
1627 2612 1908 2672 naturam
1932 2602 2229 2660 induendo
2249 2638 2268 2668 ,
2316 2602 2653 2673 perfectam

350 2669 645 2723 unitatem
673 2669 735 2723 in
767 2688 1023 2741 corpore
1046 2688 1153 2723 suo
1184 2671 1588 2723 consecravit.
2083 2705 2097 2713 -
2217 2729 2220 2740 Ι
2515 2693 2527 2698 ,

493 2738 581 2792 15.
652 2738 867 2805 Legem
891 2745 1308 2802 mandatorum
1333 2741 1396 2791 in
1427 2740 1681 2792 decretis.
1769 2737 1943 2810 Quod
1971 2739 2377 2808 metaphorice
2406 2757 2512 2809 per
2540 2754 2654 2791 no·

352 2822 492 2861 men
521 2808 776 2861 Parietis
803 2809 1217 2874 intellexerat,
1254 2825 1417 2860 nunc
1445 2808 1683 2876 planius
1714 2808 2030 2877 exprimit,
2073 2809 2332 2862 abolitas
2356 2824 2461 2879 per
2477 2808 2656 2860 Chri·
2715 2822 2726 2878 ᾗ

314 2923 317 2926 ,
352 2886 514 2930 stum
541 2879 905 2931 ceremonias
933 2877 1121 2930 tuisse
1149 2877 1384 2943 dicens,
1423 2876 1489 2928 in
1518 2876 1732 2948 quibus
1764 2888 1892 2931 erat
1922 2878 2293 2932 discriminis
2325 2875 2655 2945 professio.
2686 2869 2704 2887 ⁶

266 2971 277 2991 e
355 2946 514 2999 Nam
556 2946 972 3013 circumcisio,
1016 2944 1351 3013 sacrificia,-
1398 2946 1764 3012 ablutiones,
1816 2956 2119 3001 certorum
2153 2948 2428 3000 ciborum
2461 2946 2657 2997 absti-
2683 2955 2708 3004 2

270 3069 273 3078 ,
352 3016 594 3082 nentia,
643 3016 786 3086 quid
826 3015 992 3070 aliud
1033 3024 1203 3067 erant
1242 3031 1419 3084 quam
1457 3014 1963 3068 sanctificationis·
1996 3017 2296 3083 symbola,
2351 3029 2512 3084 quae.
2550 3016 2656 3067 Iu-

234 3104 251 3150 j
353 3083 534 3135 daeos
574 3083 1001 3151 admonerent,
1057 3091 1280 3137 sortesn
1308 3101 1474 3136 suam
1502 3102 1538 3137 a
1560 3084 1805 3153 reliquis
1833 3101 1959 3138 esse
1986 3084 2275 3137 diversam
2299 3122 2317 3150 ,
2369 3082 2657 3153 quemad-

352 3152 601 3205 modum
633 3170 793 3216 nunc
834 3153 966 3206 alba
1007 3169 1155 3206 crux
1204 3160 1267 3203 et
1304 3155 1488 3206 rubra
1522 3152 1734 3205 Gallos
1758 3147 2151 3220 apBurgundis
2190 3152 2496 3205 discernit.
2563 3151 2661 3203 Si-

354 3222 611 3292 gnificat
650 3222 861 3302 itaque
887 3222 1137 3287 Paulus,
1194 3237 1316 3273 non
1348 3221 1859 3288 tantum'adscitas
1887 3239 2014 3273 esse
2042 3222 2266 3274 Gentes
2293 3221 2353 3272 in
2388 3237 2659 3273 commu-

353 3289 600 3343 nionem
627 3301 872 3360 gratiae,
892 3290 1115 3359 nequid
1143 3290 1399 3357 amplius
1426 3290 1735 3343 differrent
1764 3289 2076 3344 aludaeis:
2115 3290 2218 3343 sed
2247 3290 2478 3359 insigne
2505 3305 2661 3357 quo-

355 3357 1988 3497 3:1¹2,23‘52‘3³{ff²;}55;:;;‚¹2¹213.¹3²‹13:22123535‘533512‘:
2009 3359 2659 3480 5:1220‘3323332331

353 3495 696 3568 redigeret,
745 3514 867 3550 non
905 3505 1137 3550 tantum
1177 3496 1393 3549 animis
1434 3495 1616 3550 vellet
1653 3511 1788 3551 esse
1821 3497 2203 3561 coniunctos,
2237 3497 2338 3550 sed
2366 3494 2660 3564 pristinae

288 3595 291 3598 >
357 3566 685 3634 simultatis
729 3576 977 3619 tesseras
1018 3573 1081 3616 et
1116 3563 1375 3633 insignia
1410 3562 1679 3617 tolleret.
1737 3562 2232 3634 quemadmodum
2276 3563 2658 3632 obligatione

355 3637 605 3687 remissa
644 3633 1119 3704 chirographum
1160 3634 1466 3686 scinditur.
1526 3649 1638 3703 qua
1665 3631 2078 3694 similitudine
2121 3634 2186 3685 in
2234 3634 2439 3686 eodem
2479 3646 2660 3700 argu-

355 3714 562 3756 mento
595 3721 732 3758 usus
758 3702 1087 3756 est‘Paulus
1116 3703 1190 3755 ad
1215 3701 1595 3772 Colossenses
1621 3701 1820 3782 capite
1844 3701 1899 3769 2,
1930 3701 2016 3754 14.
2098 3701 2359 3771 Quidam
2389 3700 2663 3768 particu-

300 3809 307 3818 ·
354 3772 477 3827 lam
519 3773 591 3825 In
629 3775 871 3828 decr-eds
912 3767 1287 3841 coniungunt
1326 3787 1464 3825 cum
1504 3770 1826 3841 participio
1860 3772 2139 3837 Abolens,
2191 3771 2295 3824 sed
2320 3784 2663 3839 perperam.

356 3843 512 3896 Nam
534 3844 613 3910 de
640 3844 778 3913 lege
805 3841 1192 3897 ceremoniali
1220 3840 1310 3894 ita
1335 3838 1506 3911 loqui
1535 3840 1722 3894 solet=
1766 3838 1836 3892 in
1861 3855 1978 3909 qua
2004 3840 2295 3892 Dominus
2329 3855 2449 3891 non
2475 3838 2662 3891 modo

357 3912 690 3980 simplicem
730 3910 971 3965 vivendi
1013 3910 1287 3980 regulam
1324 3908 1811 3979 praescribebat,
1860 3910 1963 3962 sed
2000 3909 2285 3977 alligabat
2336 3907 2520 3960 etiam
2560 3908 2667 3978 Iu·

357 3977 536 4035 daeos
565 3980 749 4034 variis
779 3980 1057 4033 decretis.
1130 3977 1301 4032 Unde
1325 3979 1620 4049 colligere
1646 3978 1831 4046 licet,
1879 3977 2129 4031 Paulum
2154 3977 2393 4029 nonnisi
2421 3977 2493 4028 de
2520 3974 2667 4043 lege

354 4049 742 4106 ceremoniali
767 4050 872 4120 hic
895 4058 1193 4101 tractaret
1240 4047 1380 4118 quia
1406 4047 1504 4100 lex
1532 4046 1781 4100 moralis
1804 4063 1926 4099 non
1949 4048 2342 4100 interstitium
2364 4053 2474 4110 est,
2502 4043 2669 4112 quod

353 4136 467 4173 nos
508 4137 544 4172 a
584 4118 815 4172 Iudaeis
860 4126 1129 4186 separet:
1180 4132 1366 4186 quum
1404 4118 1748 4170 doctrinam
1793 4132 1924 4170 com
1968 4116 2263 4169 rehendat
2301 4128 2426 4165 non
2468 4114 2669 4165 minus

316 4247 321 4250 v
354 4188 524 4243 nobis
554 4204 730 4258 quam
748 4187 984 4246 Iudaeis
1015 4201 1418 4239 communem.
1489 4185 1812 4238 Caeterum
1839 4201 1911 4237 ex
1984 4199 2056 4239 oc
2079 4183 2215 4236 loco
2241 4180 2444 4237 refelli
2474 4182 2672 4234 etiam

356 4267 556 4326 potest
584 4257 960 4326 quorundam
983 4269 1192 4319 error,
1232 4254 1333 4322 qui
1360 4262 1576 4327 putant
1600 4252 2133 4307 circumcisionem
2163 4264 2225 4304 et
2249 4252 2402 4303 alios
2431 4259 2673 4304 veteres

356 4327 512 4378 ritus
547 4325 725 4378 hodie
762 4339 1001 4396 quoque
1045 4337 1290 4375 manere
1331 4322 1528 4393 quoad
1554 4322 1844 4376 Iudaeost
1898 4322 2139 4375 etiamsi
2173 4322 2245 4373 ab
2275 4321 2399 4376 illis
2433 4318 2676 4372 liberae

298 4435 301 4440 f
357 4395 475 4512 sinlt
515 4394 760 4452 Gentes.
792 4440 801 4448 ,
844 4389 1193 4454 Hocenim
1223 4402 1405 4462 pacto
1449 4391 1721 4447 maneret
1757 4391 1954 4448 adhuc
1995 4388 2223 4447 medius
2263 4387 2465 4462 parics
2506 4389 2690 4452 inter.
