<?xml version="1.0" encoding="UTF-8"?>
<!DOCTYPE html PUBLIC "-//W3C//DTD XHTML 1.0 Transitional//EN"
    "http://www.w3.org/TR/xhtml1/DTD/xhtml1-transitional.dtd">
<html xmlns="http://www.w3.org/1999/xhtml" xml:lang="en" lang="en">
 <head>
  <title>
</title>
<meta http-equiv="Content-Type" content="text/html;charset=utf-8" />
  <meta name='ocr-system' content='tesseract 3.04.00' />
  <meta name='ocr-capabilities' content='ocr_page ocr_carea ocr_par ocr_line ocrx_word'/>
</head>
<body>
  <div class='ocr_page' id='page_1' title='image "./johanniscalvini00calvgoog_0369.png"; bbox 0 0 2820 4895; ppageno 0'>
   <div class='ocr_carea' id='block_1_1' title="bbox 725 228 2526 384">
    <p class='ocr_par' dir='ltr' id='par_1_1' title="bbox 725 228 2526 384">
     <span class='ocr_line' id='line_1_1' title="bbox 725 228 2526 384; baseline 0.002 -34"><span class='ocrx_word' id='word_1_1' title='bbox 725 233 928 384; x_wconf 61' lang='lat' dir='ltr'><strong>nu</strong></span> <span class='ocrx_word' id='word_1_2' title='bbox 989 228 1767 355; x_wconf 59' lang='lat' dir='ltr'><strong>rumentinam.</strong></span> <span class='ocrx_word' id='word_1_3' title='bbox 1962 272 1967 273; x_wconf 40' lang='lat'><em>*</em></span> <span class='ocrx_word' id='word_1_4' title='bbox 2086 294 2112 317; x_wconf 70' lang='grc'><strong>-’</strong></span> <span class='ocrx_word' id='word_1_5' title='bbox 2293 296 2426 362; x_wconf 73' lang='lat'><strong>369</strong></span> <span class='ocrx_word' id='word_1_6' title='bbox 2500 328 2526 354; x_wconf 26' lang='grc' dir='ltr'><strong>ψ,</strong></span> 
     </span>
    </p>
   </div>
   <div class='ocr_carea' id='block_1_2' title="bbox 1908 368 2123 395">
    <p class='ocr_par' dir='ltr' id='par_1_2' title="bbox 1908 368 2123 395">
     <span class='ocr_line' id='line_1_2' title="bbox 1908 368 2123 395; baseline 0 0"><span class='ocrx_word' id='word_1_7' title='bbox 1908 374 1941 388; x_wconf 74' lang='lat'>-</span> <span class='ocrx_word' id='word_1_8' title='bbox 2116 368 2123 395; x_wconf 59' lang='lat' dir='ltr'>k</span> 
     </span>
    </p>
   </div>
   <div class='ocr_carea' id='block_1_3' title="bbox 67 450 2455 1423">
    <p class='ocr_par' dir='ltr' id='par_1_3' title="bbox 67 450 2455 1423">
     <span class='ocr_line' id='line_1_3' title="bbox 67 450 2455 527; baseline 0.001 -14"><span class='ocrx_word' id='word_1_9' title='bbox 67 450 72 459; x_wconf 76' lang='grc'><strong><em>’</em></strong></span> <span class='ocrx_word' id='word_1_10' title='bbox 134 450 348 517; x_wconf 64' lang='lat' dir='ltr'><strong>namen</strong></span> <span class='ocrx_word' id='word_1_11' title='bbox 382 463 444 509; x_wconf 81' lang='lat' dir='ltr'><strong>et</strong></span> <span class='ocrx_word' id='word_1_12' title='bbox 480 458 690 521; x_wconf 78' lang='lat' dir='ltr'><strong>serv&#39;o,</strong></span> <span class='ocrx_word' id='word_1_13' title='bbox 735 458 797 508; x_wconf 88' lang='lat' dir='ltr'><strong>et</strong></span> <span class='ocrx_word' id='word_1_14' title='bbox 824 452 1124 523; x_wconf 81' lang='lat' dir='ltr'><strong>fugitivo,</strong></span> <span class='ocrx_word' id='word_1_15' title='bbox 1176 453 1378 507; x_wconf 62' lang='grc' dir='ltr'><strong>θεῖαι-ἰ</strong></span> <span class='ocrx_word' id='word_1_16' title='bbox 1408 453 1628 508; x_wconf 80' lang='lat' dir='ltr'><strong>defert.</strong></span> <span class='ocrx_word' id='word_1_17' title='bbox 1674 457 1869 527; x_wconf 59' lang='lat' dir='ltr'><strong>„Quod</strong></span> <span class='ocrx_word' id='word_1_18' title='bbox 1895 463 2099 515; x_wconf 84' lang='lat' dir='ltr'><strong>autem</strong></span> <span class='ocrx_word' id='word_1_19' title='bbox 2124 475 2259 515; x_wconf 84' lang='lat' dir='ltr'><strong>eum</strong></span> <span class='ocrx_word' id='word_1_20' title='bbox 2286 479 2320 514; x_wconf 89' lang='lat' dir='ltr'><strong>a</strong></span> <span class='ocrx_word' id='word_1_21' title='bbox 2345 481 2412 516; x_wconf 80' lang='lat' dir='ltr'><strong>aa</strong></span> <span class='ocrx_word' id='word_1_22' title='bbox 2450 468 2455 473; x_wconf 81' lang='grc'><strong><em>’</em></strong></span> 
     </span>
     <span class='ocr_line' id='line_1_4' title="bbox 134 522 2408 602; baseline 0.003 -27"><span class='ocrx_word' id='word_1_23' title='bbox 134 529 398 598; x_wconf 72' lang='lat' dir='ltr'><strong>genitum</strong></span> <span class='ocrx_word' id='word_1_24' title='bbox 443 525 774 591; x_wconf 86' lang='lat' dir='ltr'><strong>praedicat,</strong></span> <span class='ocrx_word' id='word_1_25' title='bbox 824 523 1165 585; x_wconf 83' lang='lat' dir='ltr'><strong>ministerio</strong></span> <span class='ocrx_word' id='word_1_26' title='bbox 1194 522 1257 574; x_wconf 90' lang='lat' dir='ltr'><strong>id</strong></span> <span class='ocrx_word' id='word_1_27' title='bbox 1286 522 1513 575; x_wconf 86' lang='lat' dir='ltr'><strong>factum</strong></span> <span class='ocrx_word' id='word_1_28' title='bbox 1547 534 1688 592; x_wconf 84' lang='lat' dir='ltr'><strong>est,‘</strong></span> <span class='ocrx_word' id='word_1_29' title='bbox 1715 543 1834 578; x_wconf 85' lang='lat' dir='ltr'><strong>non</strong></span> <span class='ocrx_word' id='word_1_30' title='bbox 1868 527 2111 582; x_wconf 79' lang='lat' dir='ltr'><strong>virtute.</strong></span> <span class='ocrx_word' id='word_1_31' title='bbox 2197 532 2408 602; x_wconf 80' lang='lat' dir='ltr'>Neque</span> 
     </span>
     <span class='ocr_line' id='line_1_5' title="bbox 134 591 2409 663; baseline 0.002 -14"><span class='ocrx_word' id='word_1_32' title='bbox 134 599 292 652; x_wconf 62' lang='lat' dir='ltr'><strong>enim,</strong></span> <span class='ocrx_word' id='word_1_33' title='bbox 317 595 640 647; x_wconf 77' lang='lat' dir='ltr'><strong>humanum</strong></span> <span class='ocrx_word' id='word_1_34' title='bbox 684 596 772 644; x_wconf 76' lang='lat' dir='ltr'><strong>est</strong></span> <span class='ocrx_word' id='word_1_35' title='bbox 813 610 993 661; x_wconf 83' lang='lat' dir='ltr'><strong>opus,</strong></span> <span class='ocrx_word' id='word_1_36' title='bbox 1041 591 1304 645; x_wconf 84' lang='lat' dir='ltr'><strong>hominis</strong></span> <span class='ocrx_word' id='word_1_37' title='bbox 1346 591 1601 644; x_wconf 84' lang='lat' dir='ltr'><strong>animam</strong></span> <span class='ocrx_word' id='word_1_38' title='bbox 1641 595 1938 663; x_wconf 81' lang='lat' dir='ltr'><strong>refingere</strong></span> <span class='ocrx_word' id='word_1_39' title='bbox 1976 606 2037 650; x_wconf 74' lang='lat' dir='ltr'><strong>et</strong></span> <span class='ocrx_word' id='word_1_40' title='bbox 2075 599 2409 653; x_wconf 83' lang='lat' dir='ltr'><strong>reformare</strong></span> 
     </span>
     <span class='ocr_line' id='line_1_6' title="bbox 132 659 2406 736; baseline 0.003 -19"><span class='ocrx_word' id='word_1_41' title='bbox 132 666 201 717; x_wconf 85' lang='lat' dir='ltr'><strong>ad</strong></span> <span class='ocrx_word' id='word_1_42' title='bbox 229 665 336 717; x_wconf 85' lang='lat' dir='ltr'><strong>Dei</strong></span> <span class='ocrx_word' id='word_1_43' title='bbox 372 661 709 729; x_wconf 77' lang='lat' dir='ltr'>imaginem.</span> <span class='ocrx_word' id='word_1_44' title='bbox 797 661 975 731; x_wconf 79' lang='lat' dir='ltr'><strong>Atqui</strong></span> <span class='ocrx_word' id='word_1_45' title='bbox 1007 660 1078 711; x_wconf 89' lang='lat' dir='ltr'><strong>de</strong></span> <span class='ocrx_word' id='word_1_46' title='bbox 1109 660 1221 712; x_wconf 87' lang='lat' dir='ltr'><strong>hac</strong></span> <span class='ocrx_word' id='word_1_47' title='bbox 1253 659 1555 728; x_wconf 72' lang='lat' dir='ltr'><strong>spirituali</strong></span> <span class='ocrx_word' id='word_1_48' title='bbox 1583 663 1975 729; x_wconf 71' lang='lat' dir='ltr'>generatione</span> <span class='ocrx_word' id='word_1_49' title='bbox 2002 682 2161 727; x_wconf 79' lang='lat' dir='ltr'><strong>nuuc</strong></span> <span class='ocrx_word' id='word_1_50' title='bbox 2185 670 2406 736; x_wconf 85' lang='lat' dir='ltr'><strong>agitur.</strong></span> 
     </span>
     <span class='ocr_line' id='line_1_7' title="bbox 132 727 2439 802; baseline 0.002 -18"><span class='ocrx_word' id='word_1_51' title='bbox 132 734 276 801; x_wconf 85' lang='lat' dir='ltr'><strong>Quia</strong></span> <span class='ocrx_word' id='word_1_52' title='bbox 313 743 507 784; x_wconf 81' lang='lat' dir='ltr'><strong>tamen</strong></span> <span class='ocrx_word' id='word_1_53' title='bbox 546 730 662 781; x_wconf 85' lang='lat' dir='ltr'><strong>fide</strong></span> <span class='ocrx_word' id='word_1_54' title='bbox 701 739 1088 796; x_wconf 79' lang='lat' dir='ltr'><strong>regeneratur</strong></span> <span class='ocrx_word' id='word_1_55' title='bbox 1126 729 1316 781; x_wconf 82' lang='lat' dir='ltr'><strong>anima</strong></span> <span class='ocrx_word' id='word_1_56' title='bbox 1340 765 1357 793; x_wconf 93' lang='lat'><strong>,</strong></span> <span class='ocrx_word' id='word_1_57' title='bbox 1412 739 1486 790; x_wconf 63' lang='lat' dir='ltr'><strong>,et</strong></span> <span class='ocrx_word' id='word_1_58' title='bbox 1531 727 1674 783; x_wconf 82' lang='lat' dir='ltr'><strong>fides</strong></span> <span class='ocrx_word' id='word_1_59' title='bbox 1716 741 1805 784; x_wconf 89' lang='lat' dir='ltr'><strong>est</strong></span> <span class='ocrx_word' id='word_1_60' title='bbox 1849 750 1918 786; x_wconf 83' lang='lat' dir='ltr'><strong>ex</strong></span> <span class='ocrx_word' id='word_1_61' title='bbox 1956 735 2169 788; x_wconf 89' lang='lat' dir='ltr'><strong>auditu</strong></span> <span class='ocrx_word' id='word_1_62' title='bbox 2209 739 2439 802; x_wconf 54' lang='lat' dir='ltr'><strong>taem..</strong></span> 
     </span>
     <span class='ocr_line' id='line_1_8' title="bbox 130 796 2402 876; baseline 0.002 -24"><span class='ocrx_word' id='word_1_63' title='bbox 130 805 210 864; x_wconf 87' lang='lat'><strong>10,</strong></span> <span class='ocrx_word' id='word_1_64' title='bbox 242 802 382 862; x_wconf 85' lang='lat'><strong>17.)‚</strong></span> <span class='ocrx_word' id='word_1_65' title='bbox 420 801 547 851; x_wconf 86' lang='lat' dir='ltr'><strong>ideo</strong></span> <span class='ocrx_word' id='word_1_66' title='bbox 584 796 888 850; x_wconf 83' lang='lat' dir='ltr'><strong>doctrinae</strong></span> <span class='ocrx_word' id='word_1_67' title='bbox 918 798 1257 849; x_wconf 76' lang='lat' dir='ltr'><strong>administer</strong></span> <span class='ocrx_word' id='word_1_68' title='bbox 1287 796 1479 849; x_wconf 86' lang='lat' dir='ltr'><strong>Patris</strong></span> <span class='ocrx_word' id='word_1_69' title='bbox 1508 798 1667 850; x_wconf 86' lang='lat' dir='ltr'><strong>vices</strong></span> <span class='ocrx_word' id='word_1_70' title='bbox 1696 800 1875 866; x_wconf 81' lang='lat' dir='ltr'><strong>gerit.</strong></span> <span class='ocrx_word' id='word_1_71' title='bbox 1959 800 2191 856; x_wconf 83' lang='lat' dir='ltr'><strong>Deinde</strong></span> <span class='ocrx_word' id='word_1_72' title='bbox 2219 806 2402 876; x_wconf 78' lang='lat' dir='ltr'><strong>quum</strong></span> 
     </span>
     <span class='ocr_line' id='line_1_9' title="bbox 129 864 2402 934; baseline 0.003 -12"><span class='ocrx_word' id='word_1_73' title='bbox 129 887 314 923; x_wconf 85' lang='lat' dir='ltr'><strong>sermo</strong></span> <span class='ocrx_word' id='word_1_74' title='bbox 360 869 467 925; x_wconf 86' lang='lat' dir='ltr'><strong>Dei</strong></span> <span class='ocrx_word' id='word_1_75' title='bbox 512 867 585 918; x_wconf 83' lang='lat' dir='ltr'><strong>ab</strong></span> <span class='ocrx_word' id='word_1_76' title='bbox 642 867 886 917; x_wconf 88' lang='lat' dir='ltr'><strong>homine</strong></span> <span class='ocrx_word' id='word_1_77' title='bbox 938 867 1312 934; x_wconf 72' lang='lat' dir='ltr'><strong>praedicatus</strong></span> <span class='ocrx_word' id='word_1_78' title='bbox 1362 881 1563 918; x_wconf 86' lang='lat' dir='ltr'><strong>semen</strong></span> <span class='ocrx_word' id='word_1_79' title='bbox 1601 864 1680 918; x_wconf 87' lang='lat' dir='ltr'><strong>sit</strong></span> <span class='ocrx_word' id='word_1_80' title='bbox 1725 869 1882 922; x_wconf 85' lang='lat' dir='ltr'><strong>vitae</strong></span> <span class='ocrx_word' id='word_1_81' title='bbox 1918 880 2228 927; x_wconf 75' lang='lat' dir='ltr'><strong>aeternae:</strong></span> <span class='ocrx_word' id='word_1_82' title='bbox 2279 892 2402 928; x_wconf 88' lang='lat' dir='ltr'><strong>non</strong></span> 
     </span>
     <span class='ocr_line' id='line_1_10' title="bbox 124 935 2402 1012; baseline 0.002 -20"><span class='ocrx_word' id='word_1_83' title='bbox 124 941 338 992; x_wconf 83' lang='lat' dir='ltr'><strong>‘mirum</strong></span> <span class='ocrx_word' id='word_1_84' title='bbox 381 944 520 1002; x_wconf 75' lang='lat' dir='ltr'><strong>est,··</strong></span> <span class='ocrx_word' id='word_1_85' title='bbox 547 938 685 988; x_wconf 83' lang='lat' dir='ltr'><strong>eum</strong></span> <span class='ocrx_word' id='word_1_86' title='bbox 730 935 929 987; x_wconf 82' lang='lat' dir='ltr'><strong>vocari</strong></span> <span class='ocrx_word' id='word_1_87' title='bbox 972 944 1203 1004; x_wconf 87' lang='lat' dir='ltr'><strong>patrem</strong></span> <span class='ocrx_word' id='word_1_88' title='bbox 1222 975 1239 998; x_wconf 89' lang='lat'><strong>,</strong></span> <span class='ocrx_word' id='word_1_89' title='bbox 1292 951 1363 986; x_wconf 85' lang='lat' dir='ltr'><strong>ex</strong></span> <span class='ocrx_word' id='word_1_90' title='bbox 1394 936 1562 986; x_wconf 87' lang='lat' dir='ltr'><strong>cuius</strong></span> <span class='ocrx_word' id='word_1_91' title='bbox 1591 953 1693 988; x_wconf 90' lang='lat' dir='ltr'><strong>ore</strong></span> <span class='ocrx_word' id='word_1_92' title='bbox 1723 954 1920 1001; x_wconf 77' lang='lat' dir='ltr'><strong>semen</strong></span> <span class='ocrx_word' id='word_1_93' title='bbox 1949 938 2099 994; x_wconf 87' lang='lat' dir='ltr'><strong>illud</strong></span> <span class='ocrx_word' id='word_1_94' title='bbox 2126 939 2402 1012; x_wconf 59' lang='lat' dir='ltr'><strong>concipi·</strong></span> 
     </span>
     <span class='ocr_line' id='line_1_11' title="bbox 124 1004 2404 1076; baseline 0.002 -16"><span class='ocrx_word' id='word_1_95' title='bbox 124 1025 266 1060; x_wconf 79' lang='lat' dir='ltr'><strong>mus·</strong></span> <span class='ocrx_word' id='word_1_96' title='bbox 341 1009 688 1076; x_wconf 79' lang='lat' dir='ltr'><strong>Quanquam</strong></span> <span class='ocrx_word' id='word_1_97' title='bbox 719 1004 948 1056; x_wconf 85' lang='lat' dir='ltr'><strong>interea</strong></span> <span class='ocrx_word' id='word_1_98' title='bbox 977 1007 1301 1058; x_wconf 85' lang='lat' dir='ltr'><strong>tenendum</strong></span> <span class='ocrx_word' id='word_1_99' title='bbox 1327 1011 1438 1070; x_wconf 89' lang='lat' dir='ltr'><strong>est,</strong></span> <span class='ocrx_word' id='word_1_100' title='bbox 1475 1004 1564 1073; x_wconf 75' lang='lat' dir='ltr'><strong>sic</strong></span> <span class='ocrx_word' id='word_1_101' title='bbox 1592 1004 1804 1058; x_wconf 77' lang='lat' dir='ltr'><strong>efficax</strong></span> <span class='ocrx_word' id='word_1_102' title='bbox 1835 1024 1959 1061; x_wconf 88' lang='lat' dir='ltr'><strong>essa</strong></span> <span class='ocrx_word' id='word_1_103' title='bbox 1985 1008 2048 1062; x_wconf 90' lang='lat' dir='ltr'><strong>in</strong></span> <span class='ocrx_word' id='word_1_104' title='bbox 2079 1011 2278 1072; x_wconf 79' lang='lat' dir='ltr'><strong>anima</strong></span> <span class='ocrx_word' id='word_1_105' title='bbox 2307 1029 2404 1064; x_wconf 86' lang='lat' dir='ltr'><strong>re-</strong></span> 
     </span>
     <span class='ocr_line' id='line_1_12' title="bbox 114 1071 2398 1146; baseline 0 -20"><span class='ocrx_word' id='word_1_106' title='bbox 114 1076 451 1144; x_wconf 76' lang='lat' dir='ltr'><strong>generanda</strong></span> <span class='ocrx_word' id='word_1_107' title='bbox 493 1071 756 1125; x_wconf 85' lang='lat' dir='ltr'><strong>hominis</strong></span> <span class='ocrx_word' id='word_1_108' title='bbox 788 1072 1233 1140; x_wconf 74' lang='lat' dir='ltr'><strong>ministerium,</strong></span> <span class='ocrx_word' id='word_1_109' title='bbox 1283 1081 1351 1125; x_wconf 86' lang='lat' dir='ltr'><strong>ut</strong></span> <span class='ocrx_word' id='word_1_110' title='bbox 1391 1071 1636 1140; x_wconf 77' lang='lat' dir='ltr'><strong>proprie</strong></span> <span class='ocrx_word' id='word_1_111' title='bbox 1665 1075 1824 1127; x_wconf 87' lang='lat' dir='ltr'><strong>Deus</strong></span> <span class='ocrx_word' id='word_1_112' title='bbox 1860 1075 1991 1146; x_wconf 73' lang='lat' dir='ltr'><strong>ipse</strong></span> <span class='ocrx_word' id='word_1_113' title='bbox 2019 1077 2056 1131; x_wconf 90' lang='lat' dir='ltr'>S</span> <span class='ocrx_word' id='word_1_114' title='bbox 2098 1078 2270 1133; x_wconf 71' lang='lat' dir='ltr'><strong>iritu‘s</strong></span> <span class='ocrx_word' id='word_1_115' title='bbox 2306 1081 2398 1135; x_wconf 60' lang='lat' dir='ltr'><strong>nui</strong></span> 
     </span>
     <span class='ocr_line' id='line_1_13' title="bbox 123 1095 2425 1212; baseline 0.003 -17"><span class='ocrx_word' id='word_1_116' title='bbox 123 1144 339 1196; x_wconf 83' lang='lat' dir='ltr'><strong>virtute</strong></span> <span class='ocrx_word' id='word_1_117' title='bbox 375 1151 711 1212; x_wconf 74' lang='lat' dir='ltr'><strong>regeneret.</strong></span> <span class='ocrx_word' id='word_1_118' title='bbox 784 1142 984 1211; x_wconf 71' lang='lat' dir='ltr'><strong>Quare</strong></span> <span class='ocrx_word' id='word_1_119' title='bbox 1026 1141 1176 1194; x_wconf 82' lang='lat' dir='ltr'><strong>istae</strong></span> <span class='ocrx_word' id='word_1_120' title='bbox 1219 1141 1602 1211; x_wconf 78' lang='lat' dir='ltr'><strong>loquutiones</strong></span> <span class='ocrx_word' id='word_1_121' title='bbox 1647 1138 1842 1197; x_wconf 75' lang='lat' dir='ltr'><strong>Deum</strong></span> <span class='ocrx_word' id='word_1_122' title='bbox 1883 1163 2018 1198; x_wconf 86' lang='lat' dir='ltr'><strong>cum</strong></span> <span class='ocrx_word' id='word_1_123' title='bbox 2054 1095 2425 1207; x_wconf 52' lang='lat' dir='ltr'><strong>{ominibus</strong></span> 
     </span>
     <span class='ocr_line' id='line_1_14' title="bbox 114 1208 2400 1287; baseline 0.002 -24"><span class='ocrx_word' id='word_1_124' title='bbox 114 1213 182 1263; x_wconf 83' lang='lat' dir='ltr'><strong>in</strong></span> <span class='ocrx_word' id='word_1_125' title='bbox 220 1218 519 1264; x_wconf 80' lang='lat' dir='ltr'><strong>certamen</strong></span> <span class='ocrx_word' id='word_1_126' title='bbox 560 1210 801 1273; x_wconf 84' lang='lat' dir='ltr'><strong>minime</strong></span> <span class='ocrx_word' id='word_1_127' title='bbox 846 1210 1259 1272; x_wconf 87' lang='lat' dir='ltr'><strong>committunt;</strong></span> <span class='ocrx_word' id='word_1_128' title='bbox 1308 1208 1413 1261; x_wconf 82' lang='lat' dir='ltr'><strong>sed</strong></span> <span class='ocrx_word' id='word_1_129' title='bbox 1449 1218 1682 1264; x_wconf 88' lang='lat' dir='ltr'><strong>tantum</strong></span> <span class='ocrx_word' id='word_1_130' title='bbox 1725 1215 2076 1283; x_wconf 85' lang='lat' dir='ltr'><strong>ostendunt,</strong></span> <span class='ocrx_word' id='word_1_131' title='bbox 2112 1216 2261 1286; x_wconf 85' lang='lat' dir='ltr'><strong>quid</strong></span> <span class='ocrx_word' id='word_1_132' title='bbox 2289 1235 2400 1287; x_wconf 86' lang='lat' dir='ltr'><strong>per</strong></span> 
     </span>
     <span class='ocr_line' id='line_1_15' title="bbox 118 1279 2398 1355; baseline 0.003 -22"><span class='ocrx_word' id='word_1_133' title='bbox 118 1280 377 1334; x_wconf 80' lang='lat' dir='ltr'><strong>homines</strong></span> <span class='ocrx_word' id='word_1_134' title='bbox 404 1282 565 1333; x_wconf 87' lang='lat' dir='ltr'><strong>Deus</strong></span> <span class='ocrx_word' id='word_1_135' title='bbox 593 1287 748 1348; x_wconf 82' lang='lat' dir='ltr'><strong>agat.</strong></span> <span class='ocrx_word' id='word_1_136' title='bbox 834 1280 1030 1349; x_wconf 85' lang='lat' dir='ltr'><strong>Quum</strong></span> <span class='ocrx_word' id='word_1_137' title='bbox 1069 1279 1244 1344; x_wconf 88' lang='lat' dir='ltr'><strong>dicit,</strong></span> <span class='ocrx_word' id='word_1_138' title='bbox 1294 1297 1355 1330; x_wconf 88' lang='lat' dir='ltr'><strong>se</strong></span> <span class='ocrx_word' id='word_1_139' title='bbox 1394 1280 1457 1329; x_wconf 84' lang='lat' dir='ltr'><strong>in</strong></span> <span class='ocrx_word' id='word_1_140' title='bbox 1490 1281 1751 1334; x_wconf 81' lang='lat' dir='ltr'><strong>vinculis</strong></span> <span class='ocrx_word' id='word_1_141' title='bbox 1788 1285 2090 1354; x_wconf 76' lang='lat' dir='ltr'><strong>genuisse,</strong></span> <span class='ocrx_word' id='word_1_142' title='bbox 2137 1285 2398 1355; x_wconf 28' lang='lat' dir='ltr'><strong>circum-x</strong></span> 
     </span>
     <span class='ocr_line' id='line_1_16' title="bbox 119 1345 2399 1423; baseline -0.002 -21"><span class='ocrx_word' id='word_1_143' title='bbox 119 1350 332 1402; x_wconf 81' lang='lat' dir='ltr'><strong>stantia·</strong></span> <span class='ocrx_word' id='word_1_144' title='bbox 352 1351 501 1423; x_wconf 69' lang='lat' dir='ltr'><strong>haec</strong></span> <span class='ocrx_word' id='word_1_145' title='bbox 526 1345 1034 1400; x_wconf 86' lang='lat' dir='ltr'><strong>commendationi</strong></span> <span class='ocrx_word' id='word_1_146' title='bbox 1061 1347 1216 1400; x_wconf 84' lang='lat' dir='ltr'><strong>addit</strong></span> <span class='ocrx_word' id='word_1_147' title='bbox 1240 1345 1490 1416; x_wconf 83' lang='lat' dir='ltr'><strong>pondus.</strong></span> <span class='ocrx_word' id='word_1_148' title='bbox 2398 1356 2399 1359; x_wconf 78' lang='grc'>’</span> 
     </span>
    </p>
   </div>
   <div class='ocr_carea' id='block_1_4' title="bbox 1404 1421 1413 1428">
    <p class='ocr_par' dir='ltr' id='par_1_4' title="bbox 1404 1421 1413 1428">
     <span class='ocr_line' id='line_1_17' title="bbox 1404 1421 1413 1428; baseline 0 0"><span class='ocrx_word' id='word_1_149' title='bbox 1404 1421 1413 1428; x_wconf 68' lang='lat'>0</span> 
     </span>
    </p>
   </div>
   <div class='ocr_carea' id='block_1_5' title="bbox 114 1424 2397 1987">
    <p class='ocr_par' dir='ltr' id='par_1_5' title="bbox 114 1424 2397 1987">
     <span class='ocr_line' id='line_1_18' title="bbox 253 1424 2397 1503; baseline 0.003 -17"><span class='ocrx_word' id='word_1_150' title='bbox 253 1436 333 1488; x_wconf 77' lang='lat'><strong>12.</strong></span> <span class='ocrx_word' id='word_1_151' title='bbox 385 1424 617 1498; x_wconf 69' lang='lat' dir='ltr'><strong>Illum,</strong></span> <span class='ocrx_word' id='word_1_152' title='bbox 667 1433 774 1484; x_wconf 78' lang='lat' dir='ltr'><strong>hoc</strong></span> <span class='ocrx_word' id='word_1_153' title='bbox 812 1446 954 1503; x_wconf 51' lang='lat' dir='ltr'><strong>est,⁵</strong></span> <span class='ocrx_word' id='word_1_154' title='bbox 979 1432 1205 1484; x_wconf 82' lang='lat' dir='ltr'><strong>viscera</strong></span> <span class='ocrx_word' id='word_1_155' title='bbox 1245 1449 1387 1493; x_wconf 72' lang='lat' dir='ltr'><strong>mea.</strong></span> <span class='ocrx_word' id='word_1_156' title='bbox 1458 1429 1623 1484; x_wconf 68' lang='lat' dir='ltr'><strong>Nihil</strong></span> <span class='ocrx_word' id='word_1_157' title='bbox 1661 1432 1736 1486; x_wconf 79' lang='lat' dir='ltr'><strong>ad</strong></span> <span class='ocrx_word' id='word_1_158' title='bbox 1774 1434 2160 1497; x_wconf 75' lang='lat' dir='ltr'><strong>molliendam</strong></span> <span class='ocrx_word' id='word_1_159' title='bbox 2197 1437 2397 1493; x_wconf 84' lang='lat' dir='ltr'><strong>Phile·</strong></span> 
     </span>
     <span class='ocr_line' id='line_1_19' title="bbox 118 1499 2395 1568; baseline 0.003 -13"><span class='ocrx_word' id='word_1_160' title='bbox 118 1503 301 1559; x_wconf 75' lang='lat' dir='ltr'><strong>monis</strong></span> <span class='ocrx_word' id='word_1_161' title='bbox 346 1503 718 1555; x_wconf 83' lang='lat' dir='ltr'><strong>iracundiam</strong></span> <span class='ocrx_word' id='word_1_162' title='bbox 759 1501 1062 1554; x_wconf 71' lang='lat' dir='ltr'><strong>efficacius</strong></span> <span class='ocrx_word' id='word_1_163' title='bbox 1103 1501 1214 1552; x_wconf 84' lang='lat' dir='ltr'><strong>diei</strong></span> <span class='ocrx_word' id='word_1_164' title='bbox 1254 1499 1470 1568; x_wconf 82' lang='lat' dir='ltr'><strong>potuit.</strong></span> <span class='ocrx_word' id='word_1_165' title='bbox 1567 1502 1719 1553; x_wconf 88' lang='lat' dir='ltr'><strong>Nam</strong></span> <span class='ocrx_word' id='word_1_166' title='bbox 1760 1503 1807 1554; x_wconf 90' lang='lat' dir='ltr'><strong>si</strong></span> <span class='ocrx_word' id='word_1_167' title='bbox 1847 1505 1910 1556; x_wconf 92' lang='lat' dir='ltr'><strong>in</strong></span> <span class='ocrx_word' id='word_1_168' title='bbox 1946 1522 2197 1561; x_wconf 58' lang='lat' dir='ltr'><strong>servum(</strong></span> <span class='ocrx_word' id='word_1_169' title='bbox 2219 1524 2395 1561; x_wconf 80' lang='lat' dir='ltr'><strong>suum</strong></span> 
     </span>
     <span class='ocr_line' id='line_1_20' title="bbox 120 1568 2393 1644; baseline 0 -22"><span class='ocrx_word' id='word_1_170' title='bbox 120 1569 322 1631; x_wconf 71' lang='lat' dir='ltr'><strong>fuisset</strong></span> <span class='ocrx_word' id='word_1_171' title='bbox 368 1569 798 1642; x_wconf 74' lang='lat' dir='ltr'><strong>implacabilis,</strong></span> <span class='ocrx_word' id='word_1_172' title='bbox 856 1569 919 1624; x_wconf 87' lang='lat' dir='ltr'><strong>in</strong></span> <span class='ocrx_word' id='word_1_173' title='bbox 962 1569 1125 1623; x_wconf 90' lang='lat' dir='ltr'><strong>Pauli</strong></span> <span class='ocrx_word' id='word_1_174' title='bbox 1170 1569 1399 1622; x_wconf 80' lang='lat' dir='ltr'><strong>viscera</strong></span> <span class='ocrx_word' id='word_1_175' title='bbox 1442 1568 1558 1621; x_wconf 86' lang='lat' dir='ltr'><strong>hoc</strong></span> <span class='ocrx_word' id='word_1_176' title='bbox 1597 1572 2134 1644; x_wconf 70' lang='lat' dir='ltr'><strong>modo‘saeviebat.</strong></span> <span class='ocrx_word' id='word_1_177' title='bbox 2232 1578 2393 1630; x_wconf 70' lang='lat' dir='ltr'><strong>Mira</strong></span> 
     </span>
     <span class='ocr_line' id='line_1_21' title="bbox 118 1637 2396 1713; baseline 0.003 -22"><span class='ocrx_word' id='word_1_178' title='bbox 118 1656 246 1692; x_wconf 82' lang='lat' dir='ltr'><strong>vero</strong></span> <span class='ocrx_word' id='word_1_179' title='bbox 277 1641 436 1693; x_wconf 86' lang='lat' dir='ltr'><strong>Pauli</strong></span> <span class='ocrx_word' id='word_1_180' title='bbox 472 1642 738 1704; x_wconf 78' lang='lat' dir='ltr'><strong>bonitas,</strong></span> <span class='ocrx_word' id='word_1_181' title='bbox 776 1640 933 1708; x_wconf 87' lang='lat' dir='ltr'><strong>quod</strong></span> <span class='ocrx_word' id='word_1_182' title='bbox 965 1639 1083 1692; x_wconf 88' lang='lat' dir='ltr'><strong>vile</strong></span> <span class='ocrx_word' id='word_1_183' title='bbox 1114 1637 1504 1706; x_wconf 84' lang='lat' dir='ltr'><strong>mancipium,</strong></span> <span class='ocrx_word' id='word_1_184' title='bbox 1539 1637 1747 1693; x_wconf 87' lang='lat' dir='ltr'><strong>deinde</strong></span> <span class='ocrx_word' id='word_1_185' title='bbox 1776 1640 1974 1695; x_wconf 79' lang='lat' dir='ltr'><strong>furem</strong></span> <span class='ocrx_word' id='word_1_186' title='bbox 2003 1653 2063 1694; x_wconf 87' lang='lat' dir='ltr'><strong>et</strong></span> <span class='ocrx_word' id='word_1_187' title='bbox 2092 1659 2396 1713; x_wconf 86' lang='lat' dir='ltr'><strong>erronem,</strong></span> 
     </span>
     <span class='ocr_line' id='line_1_22' title="bbox 114 1706 2389 1778; baseline 0.005 -20"><span class='ocrx_word' id='word_1_188' title='bbox 114 1709 373 1776; x_wconf 85' lang='lat' dir='ltr'><strong>recipere</strong></span> <span class='ocrx_word' id='word_1_189' title='bbox 415 1709 844 1778; x_wconf 86' lang='lat' dir='ltr'><strong>quodammodo</strong></span> <span class='ocrx_word' id='word_1_190' title='bbox 881 1710 1078 1763; x_wconf 80' lang='lat' dir='ltr'><strong>insua</strong></span> <span class='ocrx_word' id='word_1_191' title='bbox 1119 1707 1342 1759; x_wconf 82' lang='lat' dir='ltr'><strong>viscera</strong></span> <span class='ocrx_word' id='word_1_192' title='bbox 1371 1722 1489 1758; x_wconf 87' lang='lat' dir='ltr'><strong>non</strong></span> <span class='ocrx_word' id='word_1_193' title='bbox 1517 1706 1840 1776; x_wconf 74' lang='lat' dir='ltr'><strong>dubitavit,</strong></span> <span class='ocrx_word' id='word_1_194' title='bbox 1879 1711 2045 1763; x_wconf 73' lang='lat' dir='ltr'><strong>ut&#39;ab</strong></span> <span class='ocrx_word' id='word_1_195' title='bbox 2075 1711 2389 1769; x_wconf 80' lang='lat' dir='ltr'><strong>iracundia</strong></span> 
     </span>
     <span class='ocr_line' id='line_1_23' title="bbox 118 1776 2394 1852; baseline 0.003 -24"><span class='ocrx_word' id='word_1_196' title='bbox 118 1777 333 1830; x_wconf 88' lang='lat' dir='ltr'><strong>domini</strong></span> <span class='ocrx_word' id='word_1_197' title='bbox 380 1779 473 1831; x_wconf 82' lang='lat' dir='ltr'><strong>sui</strong></span> <span class='ocrx_word' id='word_1_198' title='bbox 516 1788 884 1847; x_wconf 86' lang='lat' dir='ltr'><strong>protegeret.</strong></span> <span class='ocrx_word' id='word_1_199' title='bbox 921 1803 926 1807; x_wconf 91' lang='lat'><strong>·</strong></span> <span class='ocrx_word' id='word_1_200' title='bbox 968 1777 1043 1828; x_wconf 90' lang='lat' dir='ltr'><strong>Et</strong></span> <span class='ocrx_word' id='word_1_201' title='bbox 1072 1785 1232 1828; x_wconf 87' lang='lat' dir='ltr'><strong>certe</strong></span> <span class='ocrx_word' id='word_1_202' title='bbox 1259 1776 1309 1828; x_wconf 89' lang='lat' dir='ltr'><strong>si</strong></span> <span class='ocrx_word' id='word_1_203' title='bbox 1339 1792 1447 1828; x_wconf 86' lang='lat' dir='ltr'><strong>suo</strong></span> <span class='ocrx_word' id='word_1_204' title='bbox 1468 1777 1679 1852; x_wconf 28' lang='lat' dir='ltr'><strong>§pretio</strong></span> <span class='ocrx_word' id='word_1_205' title='bbox 1710 1795 1741 1829; x_wconf 91' lang='lat' dir='ltr'><strong>a</strong></span> <span class='ocrx_word' id='word_1_206' title='bbox 1770 1778 1942 1832; x_wconf 86' lang='lat' dir='ltr'><strong>nobis</strong></span> <span class='ocrx_word' id='word_1_207' title='bbox 1970 1779 2394 1838; x_wconf 74' lang='lat' dir='ltr'><strong>aestimaretur</strong></span> 
     </span>
     <span class='ocr_line' id='line_1_24' title="bbox 115 1844 2394 1920; baseline 0.003 -22"><span class='ocrx_word' id='word_1_208' title='bbox 115 1845 365 1900; x_wconf 87' lang='lat' dir='ltr'><strong>hominis</strong></span> <span class='ocrx_word' id='word_1_209' title='bbox 403 1847 476 1899; x_wconf 86' lang='lat' dir='ltr'><strong>ad</strong></span> <span class='ocrx_word' id='word_1_210' title='bbox 510 1849 699 1901; x_wconf 85' lang='lat' dir='ltr'><strong>Deum</strong></span> <span class='ocrx_word' id='word_1_211' title='bbox 745 1844 1094 1906; x_wconf 83' lang='lat' dir='ltr'><strong>conversio,</strong></span> <span class='ocrx_word' id='word_1_212' title='bbox 1147 1845 1353 1897; x_wconf 86' lang='lat' dir='ltr'><strong>eodem</strong></span> <span class='ocrx_word' id='word_1_213' title='bbox 1387 1845 1559 1897; x_wconf 87' lang='lat' dir='ltr'><strong>modo</strong></span> <span class='ocrx_word' id='word_1_214' title='bbox 1591 1861 1699 1898; x_wconf 90' lang='lat' dir='ltr'><strong>nos</strong></span> <span class='ocrx_word' id='word_1_215' title='bbox 1736 1864 1975 1918; x_wconf 86' lang='lat' dir='ltr'><strong>quoque</strong></span> <span class='ocrx_word' id='word_1_216' title='bbox 2003 1850 2394 1920; x_wconf 84' lang='lat' dir='ltr'><strong>amplectere-</strong></span> 
     </span>
     <span class='ocr_line' id='line_1_25' title="bbox 116 1912 1983 1987; baseline 0.003 -21"><span class='ocrx_word' id='word_1_217' title='bbox 116 1928 271 1983; x_wconf 86' lang='lat' dir='ltr'><strong>mur,</strong></span> <span class='ocrx_word' id='word_1_218' title='bbox 308 1930 460 1987; x_wconf 54' lang='lat' dir='ltr'><strong>quos*</strong></span> <span class='ocrx_word' id='word_1_219' title='bbox 488 1916 715 1968; x_wconf 79' lang='lat' dir='ltr'><strong>sincere</strong></span> <span class='ocrx_word' id='word_1_220' title='bbox 743 1925 803 1966; x_wconf 87' lang='lat' dir='ltr'><strong>et</strong></span> <span class='ocrx_word' id='word_1_221' title='bbox 823 1915 1051 1984; x_wconf 46' lang='lat' dir='ltr'><strong>*absque</strong></span> <span class='ocrx_word' id='word_1_222' title='bbox 1076 1914 1211 1966; x_wconf 84' lang='lat' dir='ltr'><strong>fuco</strong></span> <span class='ocrx_word' id='word_1_223' title='bbox 1238 1912 1572 1982; x_wconf 80' lang='lat' dir='ltr'><strong>resipuisse</strong></span> <span class='ocrx_word' id='word_1_224' title='bbox 1595 1918 1911 1971; x_wconf 69' lang='lat' dir='ltr'><strong>constaret.</strong></span> <span class='ocrx_word' id='word_1_225' title='bbox 1978 1976 1983 1979; x_wconf 59' lang='grc'><em>,</em></span> 
     </span>
    </p>
   </div>
   <div class='ocr_carea' id='block_1_6' title="bbox 108 1984 2489 3366">
    <p class='ocr_par' dir='ltr' id='par_1_6' title="bbox 108 1984 2489 3366">
     <span class='ocr_line' id='line_1_26' title="bbox 248 1984 2390 2082; baseline -0 -31"><span class='ocrx_word' id='word_1_226' title='bbox 248 1999 326 2052; x_wconf 83' lang='grc'><strong>13.</strong></span> <span class='ocrx_word' id='word_1_227' title='bbox 406 2000 587 2068; x_wconf 80' lang='lat' dir='ltr'><strong>Quem</strong></span> <span class='ocrx_word' id='word_1_228' title='bbox 613 2000 873 2049; x_wconf 76' lang='lat' dir='ltr'><strong>volebam</strong></span> <span class='ocrx_word' id='word_1_229' title='bbox 905 1999 1055 2065; x_wconf 80' lang='lat' dir='ltr'><strong>apud</strong></span> <span class='ocrx_word' id='word_1_230' title='bbox 1079 2014 1185 2061; x_wconf 77' lang='lat' dir='ltr'><strong>me.</strong></span> <span class='ocrx_word' id='word_1_231' title='bbox 1260 1997 1430 2059; x_wconf 82' lang='lat' dir='ltr'><strong>Aliud</strong></span> <span class='ocrx_word' id='word_1_232' title='bbox 1456 1984 1872 2065; x_wconf 74' lang='lat' dir='ltr'><strong>argumentum</strong></span> <span class='ocrx_word' id='word_1_233' title='bbox 1904 2001 2235 2082; x_wconf 73' lang='lat' dir='ltr'><strong>mitigando</strong></span> <span class='ocrx_word' id='word_1_234' title='bbox 2253 2006 2390 2074; x_wconf 76' lang='lat' dir='ltr'><strong>Phi-</strong></span> 
     </span>
     <span class='ocr_line' id='line_1_27' title="bbox 116 2064 2390 2138; baseline 0.003 -21"><span class='ocrx_word' id='word_1_235' title='bbox 116 2064 359 2134; x_wconf 84' lang='lat' dir='ltr'><strong>lemoni,</strong></span> <span class='ocrx_word' id='word_1_236' title='bbox 397 2069 556 2138; x_wconf 87' lang='lat' dir='ltr'><strong>quod</strong></span> <span class='ocrx_word' id='word_1_237' title='bbox 581 2085 814 2119; x_wconf 84' lang='lat' dir='ltr'><strong>servum</strong></span> <span class='ocrx_word' id='word_1_238' title='bbox 841 2065 933 2118; x_wconf 84' lang='lat' dir='ltr'><strong>illi</strong></span> <span class='ocrx_word' id='word_1_239' title='bbox 959 2065 1225 2119; x_wconf 85' lang='lat' dir='ltr'><strong>remittat</strong></span> <span class='ocrx_word' id='word_1_240' title='bbox 1254 2066 1504 2132; x_wconf 81' lang='lat' dir='ltr'><strong>Paulus,</strong></span> <span class='ocrx_word' id='word_1_241' title='bbox 1556 2066 1726 2129; x_wconf 79' lang='lat' dir='ltr'><strong>cuius</strong></span> <span class='ocrx_word' id='word_1_242' title='bbox 1759 2069 2102 2122; x_wconf 75' lang='lat' dir='ltr'><strong>ministerio</strong></span> <span class='ocrx_word' id='word_1_243' title='bbox 2132 2074 2390 2129; x_wconf 75' lang='lat' dir='ltr'><strong>maxime</strong></span> 
     </span>
     <span class='ocr_line' id='line_1_28' title="bbox 118 2132 2388 2207; baseline 0.006 -23"><span class='ocrx_word' id='word_1_244' title='bbox 118 2135 339 2207; x_wconf 85' lang='lat' dir='ltr'><strong>alioqui</strong></span> <span class='ocrx_word' id='word_1_245' title='bbox 367 2134 689 2205; x_wconf 67' lang='lat' dir='ltr'><strong>indigebat.</strong></span> <span class='ocrx_word' id='word_1_246' title='bbox 760 2135 995 2188; x_wconf 85' lang='lat' dir='ltr'><strong>Fuisset</strong></span> <span class='ocrx_word' id='word_1_247' title='bbox 1024 2134 1180 2186; x_wconf 88' lang='lat' dir='ltr'><strong>enim</strong></span> <span class='ocrx_word' id='word_1_248' title='bbox 1207 2132 1626 2205; x_wconf 73' lang='lat' dir='ltr'><strong>inhumanum,</strong></span> <span class='ocrx_word' id='word_1_249' title='bbox 1662 2137 1781 2189; x_wconf 86' lang='lat' dir='ltr'><strong>tale</strong></span> <span class='ocrx_word' id='word_1_250' title='bbox 1810 2138 1979 2190; x_wconf 84' lang='lat' dir='ltr'><strong>Pauli</strong></span> <span class='ocrx_word' id='word_1_251' title='bbox 2007 2141 2264 2196; x_wconf 83' lang='lat' dir='ltr'><strong>studium</strong></span> <span class='ocrx_word' id='word_1_252' title='bbox 2291 2161 2388 2198; x_wconf 88' lang='lat' dir='ltr'><strong>re·</strong></span> 
     </span>
     <span class='ocr_line' id='line_1_29' title="bbox 114 2200 2387 2281; baseline 0.006 -29"><span class='ocrx_word' id='word_1_253' title='bbox 114 2200 307 2258; x_wconf 89' lang='lat' dir='ltr'><strong>iicere.</strong></span> <span class='ocrx_word' id='word_1_254' title='bbox 380 2208 456 2259; x_wconf 89' lang='lat' dir='ltr'><strong>Et</strong></span> <span class='ocrx_word' id='word_1_255' title='bbox 486 2204 851 2265; x_wconf 82' lang='lat' dir='ltr'><strong>subindicat,</strong></span> <span class='ocrx_word' id='word_1_256' title='bbox 889 2220 1002 2255; x_wconf 91' lang='lat' dir='ltr'><strong>non</strong></span> <span class='ocrx_word' id='word_1_257' title='bbox 1032 2203 1329 2271; x_wconf 81' lang='lat' dir='ltr'><strong>ingratum</strong></span> <span class='ocrx_word' id='word_1_258' title='bbox 1359 2204 1467 2254; x_wconf 83' lang='lat' dir='ltr'><strong>sibi</strong></span> <span class='ocrx_word' id='word_1_259' title='bbox 1494 2205 1856 2274; x_wconf 77' lang='lat' dir='ltr'><strong>fore&#39;munus</strong></span> <span class='ocrx_word' id='word_1_260' title='bbox 1877 2243 1893 2274; x_wconf 94' lang='lat'><strong>,</strong></span> <span class='ocrx_word' id='word_1_261' title='bbox 1940 2207 1989 2259; x_wconf 89' lang='lat' dir='ltr'><strong>si</strong></span> <span class='ocrx_word' id='word_1_262' title='bbox 2019 2209 2258 2263; x_wconf 79' lang='lat' dir='ltr'><strong>remitte</strong></span> <span class='ocrx_word' id='word_1_263' title='bbox 2271 2222 2387 2281; x_wconf 84' lang='lat' dir='ltr'><strong>tur,</strong></span> 
     </span>
     <span class='ocr_line' id='line_1_30' title="bbox 114 2272 2389 2345; baseline 0.005 -22"><span class='ocrx_word' id='word_1_264' title='bbox 114 2281 179 2323; x_wconf 87' lang='lat' dir='ltr'><strong>ut</strong></span> <span class='ocrx_word' id='word_1_265' title='bbox 203 2273 261 2325; x_wconf 89' lang='lat' dir='ltr'><strong>id</strong></span> <span class='ocrx_word' id='word_1_266' title='bbox 288 2275 391 2327; x_wconf 83' lang='lat' dir='ltr'><strong>fiat</strong></span> <span class='ocrx_word' id='word_1_267' title='bbox 418 2274 620 2345; x_wconf 76' lang='lat' dir='ltr'><strong>potius</strong></span> <span class='ocrx_word' id='word_1_268' title='bbox 648 2291 823 2341; x_wconf 84' lang='lat' dir='ltr'><strong>quam</strong></span> <span class='ocrx_word' id='word_1_269' title='bbox 851 2272 1008 2340; x_wconf 84' lang='lat' dir='ltr'><strong>domi</strong></span> <span class='ocrx_word' id='word_1_270' title='bbox 1037 2288 1246 2338; x_wconf 84' lang='lat' dir='ltr'><strong>aspere</strong></span> <span class='ocrx_word' id='word_1_271' title='bbox 1270 2280 1586 2324; x_wconf 84' lang='lat' dir='ltr'><strong>tractetur.</strong></span> <span class='ocrx_word' id='word_1_272' title='bbox 1638 2275 1986 2345; x_wconf 84' lang='lat' dir='ltr'><strong>Quanquam</strong></span> <span class='ocrx_word' id='word_1_273' title='bbox 2015 2276 2174 2331; x_wconf 85' lang='lat' dir='ltr'><strong>addit</strong></span> <span class='ocrx_word' id='word_1_274' title='bbox 2202 2282 2389 2336; x_wconf 76' lang='lat' dir='ltr'><strong>etiam</strong></span> 
     </span>
     <span class='ocr_line' id='line_1_31' title="bbox 116 2339 2387 2418; baseline 0.004 -26"><span class='ocrx_word' id='word_1_275' title='bbox 116 2340 249 2394; x_wconf 85' lang='lat' dir='ltr'><strong>alias</strong></span> <span class='ocrx_word' id='word_1_276' title='bbox 276 2345 786 2407; x_wconf 84' lang='lat' dir='ltr'><strong>circumstantias,</strong></span> <span class='ocrx_word' id='word_1_277' title='bbox 826 2341 982 2411; x_wconf 84' lang='lat' dir='ltr'><strong>quod</strong></span> <span class='ocrx_word' id='word_1_278' title='bbox 1028 2339 1259 2393; x_wconf 88' lang='lat' dir='ltr'><strong>domini</strong></span> <span class='ocrx_word' id='word_1_279' title='bbox 1300 2341 1456 2393; x_wconf 83' lang='lat' dir='ltr'><strong>vices</strong></span> <span class='ocrx_word' id='word_1_280' title='bbox 1493 2342 1551 2392; x_wconf 89' lang='lat' dir='ltr'><strong>in</strong></span> <span class='ocrx_word' id='word_1_281' title='bbox 1593 2341 1881 2395; x_wconf 85' lang='lat' dir='ltr'><strong>eiusmodi</strong></span> <span class='ocrx_word' id='word_1_282' title='bbox 1913 2345 2110 2398; x_wconf 73' lang='lat' dir='ltr'><strong>offieio</strong></span> <span class='ocrx_word' id='word_1_283' title='bbox 2148 2350 2387 2418; x_wconf 86' lang='lat' dir='ltr'><strong>supple-</strong></span> 
     </span>
     <span class='ocr_line' id='line_1_32' title="bbox 113 2407 2415 2480; baseline 0.006 -20"><span class='ocrx_word' id='word_1_284' title='bbox 113 2407 194 2462; x_wconf 80' lang='lat' dir='ltr'><strong>hit</strong></span> <span class='ocrx_word' id='word_1_285' title='bbox 222 2410 559 2476; x_wconf 80' lang='lat' dir='ltr'><strong>Onesimus3</strong></span> <span class='ocrx_word' id='word_1_286' title='bbox 609 2411 815 2465; x_wconf 84' lang='lat' dir='ltr'><strong>deinde</strong></span> <span class='ocrx_word' id='word_1_287' title='bbox 856 2411 1009 2480; x_wconf 85' lang='lat' dir='ltr'><strong>quod</strong></span> <span class='ocrx_word' id='word_1_288' title='bbox 1046 2410 1172 2478; x_wconf 88' lang='lat' dir='ltr'><strong>ipse</strong></span> <span class='ocrx_word' id='word_1_289' title='bbox 1208 2408 1528 2479; x_wconf 81' lang='lat' dir='ltr'><strong>modestiae</strong></span> <span class='ocrx_word' id='word_1_290' title='bbox 1555 2426 1725 2463; x_wconf 85' lang='lat' dir='ltr'><strong>causa</strong></span> <span class='ocrx_word' id='word_1_291' title='bbox 1756 2413 1908 2467; x_wconf 85' lang='lat' dir='ltr'><strong>nihil</strong></span> <span class='ocrx_word' id='word_1_292' title='bbox 1930 2414 2003 2467; x_wconf 86' lang='lat' dir='ltr'><strong>da</strong></span> <span class='ocrx_word' id='word_1_293' title='bbox 2029 2415 2161 2467; x_wconf 85' lang='lat' dir='ltr'><strong>iure</strong></span> <span class='ocrx_word' id='word_1_294' title='bbox 2191 2418 2415 2473; x_wconf 42' lang='lat' dir='ltr'><strong>Phile-⁴</strong></span> 
     </span>
     <span class='ocr_line' id='line_1_33' title="bbox 116 2471 2384 2559; baseline 0.005 -30"><span class='ocrx_word' id='word_1_295' title='bbox 116 2471 293 2532; x_wconf 83' lang='lat' dir='ltr'><strong>monis</strong></span> <span class='ocrx_word' id='word_1_296' title='bbox 323 2481 639 2534; x_wconf 86' lang='lat' dir='ltr'><strong>detrahere</strong></span> <span class='ocrx_word' id='word_1_297' title='bbox 677 2481 968 2543; x_wconf 87' lang='lat' dir='ltr'><strong>voluerit;</strong></span> <span class='ocrx_word' id='word_1_298' title='bbox 1024 2480 1204 2531; x_wconf 83' lang='lat' dir='ltr'><strong>tertio</strong></span> <span class='ocrx_word' id='word_1_299' title='bbox 1236 2482 1391 2559; x_wconf 69' lang='lat' dir='ltr'><strong>quod</strong></span> <span class='ocrx_word' id='word_1_300' title='bbox 1419 2482 1551 2550; x_wconf 89' lang='lat' dir='ltr'><strong>plus</strong></span> <span class='ocrx_word' id='word_1_301' title='bbox 1583 2479 1789 2533; x_wconf 59' lang='lat' dir='ltr'><strong>laudis*</strong></span> <span class='ocrx_word' id='word_1_302' title='bbox 1805 2482 2110 2537; x_wconf 85' lang='lat' dir='ltr'><strong>habiturus</strong></span> <span class='ocrx_word' id='word_1_303' title='bbox 2135 2486 2213 2539; x_wconf 86' lang='lat' dir='ltr'><strong>sit</strong></span> <span class='ocrx_word' id='word_1_304' title='bbox 2245 2487 2384 2539; x_wconf 86' lang='lat' dir='ltr'><strong>Phi·</strong></span> 
     </span>
     <span class='ocr_line' id='line_1_34' title="bbox 113 2543 2385 2617; baseline 0.004 -18"><span class='ocrx_word' id='word_1_305' title='bbox 113 2543 295 2601; x_wconf 83' lang='lat' dir='ltr'><strong>lemon</strong></span> <span class='ocrx_word' id='word_1_306' title='bbox 317 2589 333 2612; x_wconf 80' lang='lat'>‚</span> <span class='ocrx_word' id='word_1_307' title='bbox 373 2552 418 2602; x_wconf 88' lang='lat' dir='ltr'><strong>si</strong></span> <span class='ocrx_word' id='word_1_308' title='bbox 461 2550 762 2603; x_wconf 86' lang='lat' dir='ltr'><strong>redditum</strong></span> <span class='ocrx_word' id='word_1_309' title='bbox 799 2566 939 2601; x_wconf 82' lang='lat' dir='ltr'><strong>suae</strong></span> <span class='ocrx_word' id='word_1_310' title='bbox 983 2556 1264 2617; x_wconf 78' lang='lat' dir='ltr'><strong>potestati</strong></span> <span class='ocrx_word' id='word_1_311' title='bbox 1296 2563 1525 2601; x_wconf 88' lang='lat' dir='ltr'><strong>servum</strong></span> <span class='ocrx_word' id='word_1_312' title='bbox 1559 2550 1718 2601; x_wconf 88' lang='lat' dir='ltr'><strong>ultro</strong></span> <span class='ocrx_word' id='word_1_313' title='bbox 1747 2561 1806 2602; x_wconf 88' lang='lat' dir='ltr'><strong>et</strong></span> <span class='ocrx_word' id='word_1_314' title='bbox 1831 2551 2158 2606; x_wconf 74' lang='lat' dir='ltr'><strong>liberaliter</strong></span> <span class='ocrx_word' id='word_1_315' title='bbox 2180 2558 2385 2607; x_wconf 86' lang='lat' dir='ltr'><strong>remit-</strong></span> 
     </span>
     <span class='ocr_line' id='line_1_35' title="bbox 114 2613 2385 2691; baseline 0.004 -26"><span class='ocrx_word' id='word_1_316' title='bbox 114 2622 217 2669; x_wconf 86' lang='lat' dir='ltr'><strong>tat.</strong></span> <span class='ocrx_word' id='word_1_317' title='bbox 293 2617 378 2671; x_wconf 84' lang='lat' dir='ltr'><strong>Ex</strong></span> <span class='ocrx_word' id='word_1_318' title='bbox 418 2621 538 2672; x_wconf 92' lang='lat' dir='ltr'><strong>hoc</strong></span> <span class='ocrx_word' id='word_1_319' title='bbox 574 2627 772 2684; x_wconf 77' lang='lat' dir='ltr'><strong>autem</strong></span> <span class='ocrx_word' id='word_1_320' title='bbox 813 2628 1116 2686; x_wconf 87' lang='lat' dir='ltr'><strong>postremo</strong></span> <span class='ocrx_word' id='word_1_321' title='bbox 1160 2613 1533 2685; x_wconf 86' lang='lat' dir='ltr'><strong>colligimus,</strong></span> <span class='ocrx_word' id='word_1_322' title='bbox 1570 2620 2033 2691; x_wconf 56' lang='lat' dir='ltr'><strong>&#39;quibuscunque</strong></span> <span class='ocrx_word' id='word_1_323' title='bbox 2078 2639 2385 2690; x_wconf 82' lang='lat' dir='ltr'><strong>possumus</strong></span> 
     </span>
     <span class='ocr_line' id='line_1_36' title="bbox 116 2685 2385 2757; baseline 0.006 -24"><span class='ocrx_word' id='word_1_324' title='bbox 116 2685 323 2739; x_wconf 85' lang='lat' dir='ltr'><strong>officiis</strong></span> <span class='ocrx_word' id='word_1_325' title='bbox 351 2688 643 2742; x_wconf 81' lang='lat' dir='ltr'><strong>iuvandos</strong></span> <span class='ocrx_word' id='word_1_326' title='bbox 672 2705 795 2740; x_wconf 88' lang='lat' dir='ltr'><strong>esse</strong></span> <span class='ocrx_word' id='word_1_327' title='bbox 824 2688 1051 2739; x_wconf 84' lang='lat' dir='ltr'><strong>Christi</strong></span> <span class='ocrx_word' id='word_1_328' title='bbox 1084 2687 1380 2753; x_wconf 77' lang='lat' dir='ltr'><strong>martyres</strong></span> <span class='ocrx_word' id='word_1_329' title='bbox 1399 2724 1416 2753; x_wconf 89' lang='lat'><strong>,</strong></span> <span class='ocrx_word' id='word_1_330' title='bbox 1467 2687 1606 2738; x_wconf 87' lang='lat' dir='ltr'><strong>dum</strong></span> <span class='ocrx_word' id='word_1_331' title='bbox 1636 2705 1738 2753; x_wconf 84' lang='lat' dir='ltr'><strong>pro</strong></span> <span class='ocrx_word' id='word_1_332' title='bbox 1764 2689 2082 2757; x_wconf 56' lang='lat' dir='ltr'><strong>»Evangelii</strong></span> <span class='ocrx_word' id='word_1_333' title='bbox 2117 2695 2385 2747; x_wconf 87' lang='lat' dir='ltr'><strong>testimo·</strong></span> 
     </span>
     <span class='ocr_line' id='line_1_37' title="bbox 113 2753 2386 2827; baseline 0.004 -22"><span class='ocrx_word' id='word_1_334' title='bbox 113 2753 207 2806; x_wconf 81' lang='lat' dir='ltr'><strong>nio</strong></span> <span class='ocrx_word' id='word_1_335' title='bbox 238 2756 530 2809; x_wconf 84' lang='lat' dir='ltr'><strong>laborant.</strong></span> <span class='ocrx_word' id='word_1_336' title='bbox 605 2758 757 2808; x_wconf 86' lang='lat' dir='ltr'><strong>Nam</strong></span> <span class='ocrx_word' id='word_1_337' title='bbox 787 2756 835 2807; x_wconf 89' lang='lat' dir='ltr'><strong>si</strong></span> <span class='ocrx_word' id='word_1_338' title='bbox 874 2754 1112 2819; x_wconf 86' lang='lat' dir='ltr'><strong>exsilia,</strong></span> <span class='ocrx_word' id='word_1_339' title='bbox 1151 2770 1456 2821; x_wconf 85' lang='lat' dir='ltr'><strong>carceres,</strong></span> <span class='ocrx_word' id='word_1_340' title='bbox 1497 2755 1770 2823; x_wconf 85' lang='lat' dir='ltr'><strong>flagella,</strong></span> <span class='ocrx_word' id='word_1_341' title='bbox 1796 2760 2203 2812; x_wconf 58' lang='lat' dir='ltr'><strong>*contumelias</strong></span> <span class='ocrx_word' id='word_1_342' title='bbox 2223 2798 2239 2827; x_wconf 96' lang='lat'><strong>,</strong></span> <span class='ocrx_word' id='word_1_343' title='bbox 2276 2765 2386 2814; x_wconf 86' lang='lat' dir='ltr'><strong>bo-</strong></span> 
     </span>
     <span class='ocr_line' id='line_1_38' title="bbox 112 2824 2386 2895; baseline 0.004 -22"><span class='ocrx_word' id='word_1_344' title='bbox 112 2838 311 2877; x_wconf 86' lang='lat' dir='ltr'><strong>norum</strong></span> <span class='ocrx_word' id='word_1_345' title='bbox 354 2825 741 2894; x_wconf 79' lang='lat' dir='ltr'><strong>&#39;spoliationes</strong></span> <span class='ocrx_word' id='word_1_346' title='bbox 793 2833 1135 2893; x_wconf 87' lang='lat' dir='ltr'><strong>reputamus</strong></span> <span class='ocrx_word' id='word_1_347' title='bbox 1189 2840 1312 2873; x_wconf 90' lang='lat' dir='ltr'><strong>esse</strong></span> <span class='ocrx_word' id='word_1_348' title='bbox 1354 2824 1700 2893; x_wconf 84' lang='lat' dir='ltr'><strong>Evangelii,</strong></span> <span class='ocrx_word' id='word_1_349' title='bbox 1752 2827 2245 2895; x_wconf 77' lang='lat' dir='ltr'><strong>quemadmodum</strong></span> <span class='ocrx_word' id='word_1_350' title='bbox 2284 2832 2386 2884; x_wconf 86' lang='lat' dir='ltr'><strong>hic</strong></span> 
     </span>
     <span class='ocr_line' id='line_1_39' title="bbox 113 2891 2388 2965; baseline 0.006 -25"><span class='ocrx_word' id='word_1_351' title='bbox 113 2899 287 2944; x_wconf 69' lang='lat' dir='ltr'><strong>vocat*</strong></span> <span class='ocrx_word' id='word_1_352' title='bbox 306 2895 521 2946; x_wconf 83' lang='lat' dir='ltr'><strong>Paulus</strong></span> <span class='ocrx_word' id='word_1_353' title='bbox 541 2891 564 2946; x_wconf 41' lang='lat'><strong>:⁷</strong></span> <span class='ocrx_word' id='word_1_354' title='bbox 609 2893 874 2963; x_wconf 88' lang='lat' dir='ltr'><strong>quisquis</strong></span> <span class='ocrx_word' id='word_1_355' title='bbox 914 2905 1119 2944; x_wconf 85' lang='lat' dir='ltr'><strong>eorum</strong></span> <span class='ocrx_word' id='word_1_356' title='bbox 1160 2891 1357 2944; x_wconf 86' lang='lat' dir='ltr'><strong>socius</strong></span> <span class='ocrx_word' id='word_1_357' title='bbox 1392 2903 1628 2950; x_wconf 84' lang='lat' dir='ltr'><strong>recusat</strong></span> <span class='ocrx_word' id='word_1_358' title='bbox 1656 2911 1777 2946; x_wconf 86' lang='lat' dir='ltr'><strong>esse</strong></span> <span class='ocrx_word' id='word_1_359' title='bbox 1805 2904 1864 2946; x_wconf 91' lang='lat' dir='ltr'><strong>et</strong></span> <span class='ocrx_word' id='word_1_360' title='bbox 1887 2896 2218 2965; x_wconf 83' lang='lat' dir='ltr'><strong>particeps,</strong></span> <span class='ocrx_word' id='word_1_361' title='bbox 2265 2916 2326 2952; x_wconf 83' lang='lat' dir='ltr'><strong>se</strong></span> <span class='ocrx_word' id='word_1_362' title='bbox 2352 2917 2388 2954; x_wconf 74' lang='lat' dir='ltr'><strong>a</strong></span> 
     </span>
     <span class='ocr_line' id='line_1_40' title="bbox 114 2957 2387 3035; baseline 0.005 -25"><span class='ocrx_word' id='word_1_363' title='bbox 114 2957 343 3016; x_wconf 88' lang='lat' dir='ltr'><strong>Christo</strong></span> <span class='ocrx_word' id='word_1_364' title='bbox 387 2963 521 3032; x_wconf 88' lang='lat' dir='ltr'><strong>ipso</strong></span> <span class='ocrx_word' id='word_1_365' title='bbox 559 2973 813 3031; x_wconf 82' lang='lat' dir='ltr'><strong>separat.</strong></span> <span class='ocrx_word' id='word_1_366' title='bbox 888 2963 1217 3013; x_wconf 86' lang='lat' dir='ltr'><strong>Commune</strong></span> <span class='ocrx_word' id='word_1_367' title='bbox 1246 2970 1404 3018; x_wconf 66' lang='lat' dir='ltr'><strong>uerte</strong></span> <span class='ocrx_word' id='word_1_368' title='bbox 1434 2962 1698 3013; x_wconf 87' lang='lat' dir='ltr'><strong>omnihus</strong></span> <span class='ocrx_word' id='word_1_369' title='bbox 1726 2973 1812 3014; x_wconf 89' lang='lat' dir='ltr'><strong>est</strong></span> <span class='ocrx_word' id='word_1_370' title='bbox 1839 2964 2148 3033; x_wconf 79' lang='lat' dir='ltr'><strong>Evangelii</strong></span> <span class='ocrx_word' id='word_1_371' title='bbox 2179 2979 2387 3035; x_wconf 86' lang='lat' dir='ltr'><strong>patro-</strong></span> 
     </span>
     <span class='ocr_line' id='line_1_41' title="bbox 112 3027 2389 3100; baseline 0.004 -22"><span class='ocrx_word' id='word_1_372' title='bbox 112 3027 343 3088; x_wconf 72' lang='lat' dir='ltr'><strong>cinium.</strong></span> <span class='ocrx_word' id='word_1_373' title='bbox 413 3034 625 3100; x_wconf 81' lang='lat' dir='ltr'><strong>Itaque</strong></span> <span class='ocrx_word' id='word_1_374' title='bbox 657 3034 752 3099; x_wconf 86' lang='lat' dir='ltr'><strong>qui</strong></span> <span class='ocrx_word' id='word_1_375' title='bbox 786 3028 913 3083; x_wconf 89' lang='lat' dir='ltr'><strong>eius</strong></span> <span class='ocrx_word' id='word_1_376' title='bbox 943 3047 1117 3083; x_wconf 84' lang='lat' dir='ltr'><strong>causa</strong></span> <span class='ocrx_word' id='word_1_377' title='bbox 1145 3031 1665 3098; x_wconf 82' lang='lat' dir='ltr'><strong>persequutionem</strong></span> <span class='ocrx_word' id='word_1_378' title='bbox 1693 3033 1981 3097; x_wconf 81' lang='lat' dir='ltr'><strong>sustinet,</strong></span> <span class='ocrx_word' id='word_1_379' title='bbox 2017 3031 2290 3091; x_wconf 78' lang='lat' dir='ltr'><strong>nonia&#39;m</strong></span> <span class='ocrx_word' id='word_1_380' title='bbox 2318 3046 2389 3093; x_wconf 84' lang='lat' dir='ltr'><strong>ut</strong></span> 
     </span>
     <span class='ocr_line' id='line_1_42' title="bbox 109 3097 2489 3186; baseline 0.003 -37"><span class='ocrx_word' id='word_1_381' title='bbox 109 3097 367 3163; x_wconf 82' lang='lat' dir='ltr'><strong>privatus</strong></span> <span class='ocrx_word' id='word_1_382' title='bbox 414 3099 706 3186; x_wconf 65' lang='lat' dir='ltr'><strong>quispiam</strong></span> <span class='ocrx_word' id='word_1_383' title='bbox 748 3099 1062 3160; x_wconf 64' lang='lat' dir='ltr'><strong>habendus</strong></span> <span class='ocrx_word' id='word_1_384' title='bbox 1100 3107 1253 3176; x_wconf 34' lang='lat' dir='ltr'><strong>esth</strong></span> <span class='ocrx_word' id='word_1_385' title='bbox 1281 3099 1381 3150; x_wconf 83' lang='lat' dir='ltr'><strong>sed</strong></span> <span class='ocrx_word' id='word_1_386' title='bbox 1427 3099 1529 3168; x_wconf 79' lang='lat' dir='ltr'><strong>qui</strong></span> <span class='ocrx_word' id='word_1_387' title='bbox 1571 3099 1843 3167; x_wconf 82' lang='lat' dir='ltr'><strong>publicas</strong></span> <span class='ocrx_word' id='word_1_388' title='bbox 1882 3102 2183 3155; x_wconf 86' lang='lat' dir='ltr'><strong>Ecclesiae</strong></span> <span class='ocrx_word' id='word_1_389' title='bbox 2224 3106 2387 3161; x_wconf 73' lang='lat' dir='ltr'><strong>vices</strong></span> <span class='ocrx_word' id='word_1_390' title='bbox 2476 3107 2489 3124; x_wconf 78' lang='lat'><em>&#39;</em></span> 
     </span>
     <span class='ocr_line' id='line_1_43' title="bbox 112 3166 2427 3240; baseline 0.002 -25"><span class='ocrx_word' id='word_1_391' title='bbox 112 3166 257 3219; x_wconf 83' lang='lat' dir='ltr'><strong>obit:</strong></span> <span class='ocrx_word' id='word_1_392' title='bbox 297 3171 448 3222; x_wconf 87' lang='lat' dir='ltr'><strong>unde</strong></span> <span class='ocrx_word' id='word_1_393' title='bbox 470 3168 760 3240; x_wconf 79' lang='lat' dir='ltr'><strong>sequitur,</strong></span> <span class='ocrx_word' id='word_1_394' title='bbox 787 3184 1166 3221; x_wconf 84' lang='lat' dir='ltr'><strong>cummunem</strong></span> <span class='ocrx_word' id='word_1_395' title='bbox 1193 3166 1308 3236; x_wconf 76' lang='lat' dir='ltr'><strong>piis</strong></span> <span class='ocrx_word' id='word_1_396' title='bbox 1339 3167 1610 3222; x_wconf 75' lang='lat' dir='ltr'><strong>omuibus</strong></span> <span class='ocrx_word' id='word_1_397' title='bbox 1634 3184 1836 3221; x_wconf 83' lang='lat' dir='ltr'><strong>curam</strong></span> <span class='ocrx_word' id='word_1_398' title='bbox 1863 3186 1968 3237; x_wconf 91' lang='lat' dir='ltr'><strong>pro</strong></span> <span class='ocrx_word' id='word_1_399' title='bbox 1996 3171 2124 3238; x_wconf 82' lang='lat' dir='ltr'><strong>ipso</strong></span> <span class='ocrx_word' id='word_1_400' title='bbox 2152 3172 2389 3227; x_wconf 77' lang='lat' dir='ltr'><strong>incum&#39;-</strong></span> <span class='ocrx_word' id='word_1_401' title='bbox 2423 3213 2427 3220; x_wconf 94' lang='lat'><strong>.</strong></span> 
     </span>
     <span class='ocr_line' id='line_1_44' title="bbox 108 3231 2419 3351; baseline 0.002 -59"><span class='ocrx_word' id='word_1_402' title='bbox 108 3231 260 3351; x_wconf 45' lang='lat' dir='ltr'><strong>¹bere,</strong></span> <span class='ocrx_word' id='word_1_403' title='bbox 299 3255 371 3293; x_wconf 85' lang='lat' dir='ltr'><strong>ne</strong></span> <span class='ocrx_word' id='word_1_404' title='bbox 394 3240 457 3292; x_wconf 88' lang='lat' dir='ltr'><strong>in</strong></span> <span class='ocrx_word' id='word_1_405' title='bbox 490 3239 664 3291; x_wconf 81' lang='lat' dir='ltr'><strong>unius</strong></span> <span class='ocrx_word' id='word_1_406' title='bbox 679 3237 951 3296; x_wconf 65' lang='lat' dir='ltr'><strong>hominis</strong></span> <span class='ocrx_word' id='word_1_407' title='bbox 980 3235 1237 3306; x_wconf 75' lang='lat' dir='ltr'><strong>pei-sona</strong></span> <span class='ocrx_word' id='word_1_408' title='bbox 1254 3236 1644 3312; x_wconf 65' lang='lat' dir='ltr'><strong>Evangeliurn</strong></span> <span class='ocrx_word' id='word_1_409' title='bbox 1668 3238 1959 3307; x_wconf 82' lang='lat' dir='ltr'><strong>deserant,</strong></span> <span class='ocrx_word' id='word_1_410' title='bbox 1997 3238 2180 3294; x_wconf 88' lang='lat' dir='ltr'><strong>sicuti</strong></span> <span class='ocrx_word' id='word_1_411' title='bbox 2208 3258 2387 3314; x_wconf 84' lang='lat' dir='ltr'><strong>saepe</strong></span> <span class='ocrx_word' id='word_1_412' title='bbox 2414 3265 2419 3270; x_wconf 74' lang='grc'><strong><em>’</em></strong></span> 
     </span>
     <span class='ocr_line' id='line_1_45' title="bbox 131 3306 1764 3366; baseline 0.003 -12"><span class='ocrx_word' id='word_1_413' title='bbox 131 3306 231 3356; x_wconf 79' lang='lat' dir='ltr'><strong>ieri</strong></span> <span class='ocrx_word' id='word_1_414' title='bbox 247 3308 431 3366; x_wconf 83' lang='lat' dir='ltr'><strong>·-solet.</strong></span> <span class='ocrx_word' id='word_1_415' title='bbox 1756 3342 1764 3348; x_wconf 85' lang='lat'>-</span> 
     </span>
    </p>
   </div>
   <div class='ocr_carea' id='block_1_7' title="bbox 104 3387 2481 4138">
    <p class='ocr_par' dir='ltr' id='par_1_7' title="bbox 104 3387 2481 4138">
     <span class='ocr_line' id='line_1_46' title="bbox 235 3387 2389 3462; baseline 0.004 -22"><span class='ocrx_word' id='word_1_416' title='bbox 235 3390 321 3441; x_wconf 82' lang='lat'><strong>14.</strong></span> <span class='ocrx_word' id='word_1_417' title='bbox 405 3394 479 3444; x_wconf 77' lang='lat' dir='ltr'><strong>Ut</strong></span> <span class='ocrx_word' id='word_1_418' title='bbox 508 3410 624 3443; x_wconf 83' lang='lat' dir='ltr'><strong>non</strong></span> <span class='ocrx_word' id='word_1_419' title='bbox 655 3392 846 3460; x_wconf 81' lang='lat' dir='ltr'><strong>quasi.</strong></span> <span class='ocrx_word' id='word_1_420' title='bbox 920 3391 1053 3443; x_wconf 88' lang='lat' dir='ltr'><strong>Hoc</strong></span> <span class='ocrx_word' id='word_1_421' title='bbox 1097 3406 1167 3441; x_wconf 83' lang='lat' dir='ltr'><strong>ex</strong></span> <span class='ocrx_word' id='word_1_422' title='bbox 1209 3387 1471 3459; x_wconf 85' lang='lat' dir='ltr'><strong>generali</strong></span> <span class='ocrx_word' id='word_1_423' title='bbox 1512 3389 1720 3458; x_wconf 83' lang='lat' dir='ltr'><strong>regula</strong></span> <span class='ocrx_word' id='word_1_424' title='bbox 1760 3401 2062 3461; x_wconf 84' lang='lat' dir='ltr'><strong>sumptum</strong></span> <span class='ocrx_word' id='word_1_425' title='bbox 2101 3404 2221 3462; x_wconf 88' lang='lat' dir='ltr'><strong>est,</strong></span> <span class='ocrx_word' id='word_1_426' title='bbox 2267 3411 2389 3449; x_wconf 85' lang='lat' dir='ltr'><strong>non</strong></span> 
     </span>
     <span class='ocr_line' id='line_1_47' title="bbox 107 3454 2407 3529; baseline 0.003 -22"><span class='ocrx_word' id='word_1_427' title='bbox 107 3454 216 3506; x_wconf 75' lang='lat' dir='ltr'><strong>alia</strong></span> <span class='ocrx_word' id='word_1_428' title='bbox 256 3460 491 3526; x_wconf 87' lang='lat' dir='ltr'><strong>placere</strong></span> <span class='ocrx_word' id='word_1_429' title='bbox 532 3462 658 3514; x_wconf 88' lang='lat' dir='ltr'><strong>Deo</strong></span> <span class='ocrx_word' id='word_1_430' title='bbox 694 3460 1027 3523; x_wconf 62' lang='lat' dir='ltr'><strong>sacrificia„</strong></span> <span class='ocrx_word' id='word_1_431' title='bbox 1089 3457 1205 3509; x_wconf 87' lang='lat' dir='ltr'><strong>nisi</strong></span> <span class='ocrx_word' id='word_1_432' title='bbox 1247 3467 1398 3529; x_wconf 73' lang='lat' dir='ltr'><strong>quae</strong></span> <span class='ocrx_word' id='word_1_433' title='bbox 1441 3458 1780 3510; x_wconf 80' lang='lat' dir='ltr'><strong>voluntaria</strong></span> <span class='ocrx_word' id='word_1_434' title='bbox 1821 3469 1977 3513; x_wconf 89' lang='lat' dir='ltr'><strong>sunt.</strong></span> <span class='ocrx_word' id='word_1_435' title='bbox 2077 3464 2171 3516; x_wconf 83' lang='lat' dir='ltr'><strong>Ita</strong></span> <span class='ocrx_word' id='word_1_436' title='bbox 2212 3474 2271 3518; x_wconf 89' lang='lat' dir='ltr'><strong>et</strong></span> <span class='ocrx_word' id='word_1_437' title='bbox 2310 3455 2407 3515; x_wconf 52' lang='lat' dir='ltr'><strong>de*</strong></span> 
     </span>
     <span class='ocr_line' id='line_1_48' title="bbox 110 3523 2481 3600; baseline 0.005 -28"><span class='ocrx_word' id='word_1_438' title='bbox 110 3523 491 3595; x_wconf 84' lang='lat' dir='ltr'><strong>eleemosynis</strong></span> <span class='ocrx_word' id='word_1_439' title='bbox 525 3530 935 3581; x_wconf 63' lang='lat' dir='ltr'><strong>-idethaulus</strong></span> <span class='ocrx_word' id='word_1_440' title='bbox 974 3527 1239 3598; x_wconf 85' lang='lat' dir='ltr'><strong>loquitur</strong></span> <span class='ocrx_word' id='word_1_441' title='bbox 1278 3530 1355 3580; x_wconf 87' lang='lat'><strong>11.</strong></span> <span class='ocrx_word' id='word_1_442' title='bbox 1382 3527 1658 3579; x_wconf 88' lang='lat' dir='ltr'><strong>Corinth.</strong></span> <span class='ocrx_word' id='word_1_443' title='bbox 1685 3528 1738 3593; x_wconf 88' lang='lat'><strong>9,</strong></span> <span class='ocrx_word' id='word_1_444' title='bbox 1767 3527 1821 3581; x_wconf 90' lang='lat'><strong>7.</strong></span> <span class='ocrx_word' id='word_1_445' title='bbox 1884 3528 1989 3584; x_wconf 83' lang='grc' dir='ltr'><strong>,Τὸ</strong></span> <span class='ocrx_word' id='word_1_446' title='bbox 2029 3528 2254 3600; x_wconf 75' lang='grc' dir='ltr'><em>ἀγαθόν</em></span> <span class='ocrx_word' id='word_1_447' title='bbox 2288 3534 2389 3584; x_wconf 87' lang='lat' dir='ltr'><strong>hic</strong></span> <span class='ocrx_word' id='word_1_448' title='bbox 2434 3573 2437 3578; x_wconf 80' lang='lat'><strong>.</strong></span> <span class='ocrx_word' id='word_1_449' title='bbox 2476 3597 2481 3600; x_wconf 73' lang='lat'><em>,</em></span> 
     </span>
     <span class='ocr_line' id='line_1_49' title="bbox 105 3596 2387 3710; baseline 0.005 -69"><span class='ocrx_word' id='word_1_450' title='bbox 105 3606 209 3710; x_wconf 60' lang='lat' dir='ltr'><strong>fro</strong></span> <span class='ocrx_word' id='word_1_451' title='bbox 257 3596 648 3650; x_wconf 78' lang='lat' dir='ltr'><strong>beneficentia</strong></span> <span class='ocrx_word' id='word_1_452' title='bbox 702 3598 974 3666; x_wconf 85' lang='lat' dir='ltr'><strong>capitur,</strong></span> <span class='ocrx_word' id='word_1_453' title='bbox 1039 3606 1101 3647; x_wconf 87' lang='lat' dir='ltr'><strong>et</strong></span> <span class='ocrx_word' id='word_1_454' title='bbox 1150 3597 1474 3648; x_wconf 74' lang='lat' dir='ltr'><strong>necessitas</strong></span> <span class='ocrx_word' id='word_1_455' title='bbox 1518 3596 1813 3649; x_wconf 85' lang='lat' dir='ltr'><strong>voluntati</strong></span> <span class='ocrx_word' id='word_1_456' title='bbox 1852 3602 2222 3668; x_wconf 89' lang='lat' dir='ltr'><strong>opponitur,</strong></span> <span class='ocrx_word' id='word_1_457' title='bbox 2282 3602 2387 3654; x_wconf 85' lang='lat' dir='ltr'><strong>ubi</strong></span> 
     </span>
     <span class='ocr_line' id='line_1_50' title="bbox 130 3659 2386 3738; baseline 0.006 -27"><span class='ocrx_word' id='word_1_458' title='bbox 130 3659 323 3715; x_wconf 74' lang='lat' dir='ltr'><strong>iberae</strong></span> <span class='ocrx_word' id='word_1_459' title='bbox 365 3665 690 3719; x_wconf 84' lang='lat' dir='ltr'><strong>alacritatis</strong></span> <span class='ocrx_word' id='word_1_460' title='bbox 738 3665 1204 3734; x_wconf 84' lang='lat' dir='ltr'><strong>experimentum</strong></span> <span class='ocrx_word' id='word_1_461' title='bbox 1249 3665 1378 3732; x_wconf 89' lang='lat' dir='ltr'><strong>capi</strong></span> <span class='ocrx_word' id='word_1_462' title='bbox 1417 3681 1539 3718; x_wconf 86' lang='lat' dir='ltr'><strong>non</strong></span> <span class='ocrx_word' id='word_1_463' title='bbox 1581 3675 1796 3732; x_wconf 87' lang='lat' dir='ltr'><strong>potest.</strong></span> <span class='ocrx_word' id='word_1_464' title='bbox 1876 3669 2030 3722; x_wconf 75' lang='lat' dir='ltr'><strong>Nam</strong></span> <span class='ocrx_word' id='word_1_465' title='bbox 2057 3669 2211 3738; x_wconf 70' lang='lat' dir='ltr'><strong>quod</strong></span> <span class='ocrx_word' id='word_1_466' title='bbox 2238 3669 2386 3724; x_wconf 81' lang='lat' dir='ltr'><strong>libe·</strong></span> 
     </span>
     <span class='ocr_line' id='line_1_51' title="bbox 105 3730 2391 3808; baseline 0.004 -27"><span class='ocrx_word' id='word_1_467' title='bbox 105 3730 309 3784; x_wconf 71' lang='lat' dir='ltr'><strong>taliter</strong></span> <span class='ocrx_word' id='word_1_468' title='bbox 335 3735 663 3805; x_wconf 85' lang='lat' dir='ltr'><strong>suscipitur</strong></span> <span class='ocrx_word' id='word_1_469' title='bbox 690 3735 990 3799; x_wconf 81' lang='lat' dir='ltr'><strong>officium,</strong></span> <span class='ocrx_word' id='word_1_470' title='bbox 1039 3750 1161 3784; x_wconf 85' lang='lat' dir='ltr'><strong>non</strong></span> <span class='ocrx_word' id='word_1_471' title='bbox 1193 3733 1380 3785; x_wconf 89' lang='lat' dir='ltr'><strong>alieno</strong></span> <span class='ocrx_word' id='word_1_472' title='bbox 1407 3734 1667 3802; x_wconf 82' lang='lat' dir='ltr'><strong>impulsu</strong></span> <span class='ocrx_word' id='word_1_473' title='bbox 1687 3770 1703 3799; x_wconf 97' lang='lat'><strong>,</strong></span> <span class='ocrx_word' id='word_1_474' title='bbox 1742 3734 1992 3788; x_wconf 88' lang='lat' dir='ltr'><strong>solidam</strong></span> <span class='ocrx_word' id='word_1_475' title='bbox 2025 3738 2260 3808; x_wconf 77' lang='lat' dir='ltr'><strong>laudem</strong></span> <span class='ocrx_word' id='word_1_476' title='bbox 2290 3739 2391 3790; x_wconf 88' lang='lat' dir='ltr'><strong>de-</strong></span> 
     </span>
     <span class='ocr_line' id='line_1_52' title="bbox 106 3802 2389 3876; baseline 0.006 -29"><span class='ocrx_word' id='word_1_477' title='bbox 106 3812 260 3852; x_wconf 87' lang='lat' dir='ltr'><strong>mum</strong></span> <span class='ocrx_word' id='word_1_478' title='bbox 301 3815 583 3857; x_wconf 87' lang='lat' dir='ltr'><strong>meretur.</strong></span> <span class='ocrx_word' id='word_1_479' title='bbox 679 3806 900 3858; x_wconf 89' lang='lat' dir='ltr'><strong>Notatu</strong></span> <span class='ocrx_word' id='word_1_480' title='bbox 938 3803 1119 3855; x_wconf 89' lang='lat' dir='ltr'><strong>etiam</strong></span> <span class='ocrx_word' id='word_1_481' title='bbox 1158 3802 1407 3871; x_wconf 84' lang='lat' dir='ltr'><strong>dignum</strong></span> <span class='ocrx_word' id='word_1_482' title='bbox 1452 3813 1571 3870; x_wconf 87' lang='lat' dir='ltr'><strong>est,</strong></span> <span class='ocrx_word' id='word_1_483' title='bbox 1622 3804 1779 3871; x_wconf 84' lang='lat' dir='ltr'><strong>quod</strong></span> <span class='ocrx_word' id='word_1_484' title='bbox 1826 3804 2039 3857; x_wconf 84' lang='lat' dir='ltr'><strong>Paulus</strong></span> <span class='ocrx_word' id='word_1_485' title='bbox 2073 3806 2389 3876; x_wconf 81' lang='lat' dir='ltr'><strong>praeteriti</strong></span> 
     </span>
     <span class='ocr_line' id='line_1_53' title="bbox 105 3872 2390 3943; baseline 0.006 -29"><span class='ocrx_word' id='word_1_486' title='bbox 105 3872 384 3937; x_wconf 79' lang='lat' dir='ltr'><strong>temporis</strong></span> <span class='ocrx_word' id='word_1_487' title='bbox 432 3874 670 3941; x_wconf 86' lang='lat' dir='ltr'><strong>culpam</strong></span> <span class='ocrx_word' id='word_1_488' title='bbox 709 3890 816 3943; x_wconf 89' lang='lat' dir='ltr'><strong>pro</strong></span> <span class='ocrx_word' id='word_1_489' title='bbox 856 3873 1138 3938; x_wconf 78' lang='lat' dir='ltr'><strong>Onesimo</strong></span> <span class='ocrx_word' id='word_1_490' title='bbox 1184 3887 1542 3938; x_wconf 81' lang='lat' dir='ltr'><strong>agnoscens,</strong></span> <span class='ocrx_word' id='word_1_491' title='bbox 1605 3880 1898 3925; x_wconf 87' lang='lat' dir='ltr'><strong>mutatum</strong></span> <span class='ocrx_word' id='word_1_492' title='bbox 1935 3888 2059 3927; x_wconf 86' lang='lat' dir='ltr'><strong>esse</strong></span> <span class='ocrx_word' id='word_1_493' title='bbox 2106 3875 2390 3940; x_wconf 82' lang='lat' dir='ltr'><strong>affirmat,</strong></span> 
     </span>
     <span class='ocr_line' id='line_1_54' title="bbox 106 3934 2389 4010; baseline 0.006 -27"><span class='ocrx_word' id='word_1_494' title='bbox 106 3948 169 3985; x_wconf 86' lang='lat' dir='ltr'><strong>ac</strong></span> <span class='ocrx_word' id='word_1_495' title='bbox 211 3955 282 3991; x_wconf 81' lang='lat' dir='ltr'><strong>ne</strong></span> <span class='ocrx_word' id='word_1_496' title='bbox 319 3934 552 3994; x_wconf 71' lang='lat' dir='ltr'><strong>dubitet</strong></span> <span class='ocrx_word' id='word_1_497' title='bbox 579 3943 923 4007; x_wconf 82' lang='lat' dir='ltr'><strong>Philemon,</strong></span> <span class='ocrx_word' id='word_1_498' title='bbox 972 3942 1088 3993; x_wconf 85' lang='lat' dir='ltr'><strong>alio</strong></span> <span class='ocrx_word' id='word_1_499' title='bbox 1130 3939 1370 4009; x_wconf 82' lang='lat' dir='ltr'><strong>ingenio</strong></span> <span class='ocrx_word' id='word_1_500' title='bbox 1393 3948 1481 4010; x_wconf 56' lang='grc' dir='ltr'><strong>χεει</strong></span> <span class='ocrx_word' id='word_1_501' title='bbox 1523 3938 1696 3991; x_wconf 88' lang='lat' dir='ltr'><strong>novis</strong></span> <span class='ocrx_word' id='word_1_502' title='bbox 1730 3938 1996 3998; x_wconf 68' lang='lat' dir='ltr'><strong>moribus</strong></span> <span class='ocrx_word' id='word_1_503' title='bbox 2035 3959 2285 3996; x_wconf 13' lang='lat' dir='ltr'><strong>servum?</strong></span> <span class='ocrx_word' id='word_1_504' title='bbox 2313 3944 2389 3997; x_wconf 85' lang='lat' dir='ltr'><strong>ad</strong></span> 
     </span>
     <span class='ocr_line' id='line_1_55' title="bbox 106 4003 2390 4080; baseline 0.007 -28"><span class='ocrx_word' id='word_1_505' title='bbox 106 4016 164 4053; x_wconf 90' lang='lat' dir='ltr'><strong>se</strong></span> <span class='ocrx_word' id='word_1_506' title='bbox 190 4008 417 4074; x_wconf 88' lang='lat' dir='ltr'><strong>redire,</strong></span> <span class='ocrx_word' id='word_1_507' title='bbox 467 4011 683 4062; x_wconf 88' lang='lat' dir='ltr'><strong>Paulus</strong></span> <span class='ocrx_word' id='word_1_508' title='bbox 710 4011 835 4063; x_wconf 81' lang='lat' dir='ltr'><strong>eius</strong></span> <span class='ocrx_word' id='word_1_509' title='bbox 862 4011 977 4062; x_wconf 87' lang='lat' dir='ltr'><strong>resi</strong></span> <span class='ocrx_word' id='word_1_510' title='bbox 983 4010 1344 4080; x_wconf 17' lang='lat' dir='ltr'><strong>piscentiam*</strong></span> <span class='ocrx_word' id='word_1_511' title='bbox 1364 4009 1613 4079; x_wconf 84' lang='lat' dir='ltr'><strong>proprio</strong></span> <span class='ocrx_word' id='word_1_512' title='bbox 1645 4007 2050 4078; x_wconf 82' lang='lat' dir='ltr'><strong>experimento</strong></span> <span class='ocrx_word' id='word_1_513' title='bbox 2078 4003 2198 4066; x_wconf 83' lang='lat' dir='ltr'><strong>sibi</strong></span> <span class='ocrx_word' id='word_1_514' title='bbox 2224 4028 2390 4067; x_wconf 83' lang='lat' dir='ltr'><strong>com-</strong></span> 
     </span>
     <span class='ocr_line' id='line_1_56' title="bbox 104 4079 2211 4138; baseline 0.014 -16"><span class='ocrx_word' id='word_1_515' title='bbox 104 4084 331 4138; x_wconf 83' lang='lat' dir='ltr'><strong>pertam</strong></span> <span class='ocrx_word' id='word_1_516' title='bbox 363 4095 490 4132; x_wconf 84' lang='lat' dir='ltr'><strong>esse</strong></span> <span class='ocrx_word' id='word_1_517' title='bbox 521 4079 695 4132; x_wconf 89' lang='lat' dir='ltr'><strong>dicit.</strong></span> <span class='ocrx_word' id='word_1_518' title='bbox 1742 4087 1747 4091; x_wconf 49' lang='grc'><em>’</em></span> <span class='ocrx_word' id='word_1_519' title='bbox 1942 4089 1947 4094; x_wconf 68' lang='grc'><strong>’</strong></span> <span class='ocrx_word' id='word_1_520' title='bbox 2200 4097 2211 4102; x_wconf 52' lang='grc'><em>“</em></span> 
     </span>
    </p>
   </div>
   <div class='ocr_carea' id='block_1_8' title="bbox 108 4227 2390 4416">
    <p class='ocr_par' dir='ltr' id='par_1_8' title="bbox 108 4227 2390 4416">
     <span class='ocr_line' id='line_1_57' title="bbox 274 4227 2388 4332; baseline 0.004 -31"><span class='ocrx_word' id='word_1_521' title='bbox 274 4238 370 4305; x_wconf 87' lang='grc'><strong>15.</strong></span> <span class='ocrx_word' id='word_1_522' title='bbox 419 4241 842 4322; x_wconf 65' lang='grc' dir='ltr'><strong>Ἑοττεεηὶιη</strong></span> <span class='ocrx_word' id='word_1_523' title='bbox 882 4227 1424 4331; x_wconf 69' lang='grc' dir='ltr'><strong>ἱάεόεερεηιωε</strong></span> <span class='ocrx_word' id='word_1_524' title='bbox 1466 4243 1599 4308; x_wconf 87' lang='lat' dir='ltr'><strong>fuit</strong></span> <span class='ocrx_word' id='word_1_525' title='bbox 1639 4243 1722 4309; x_wconf 86' lang='lat' dir='ltr'><strong>ad</strong></span> <span class='ocrx_word' id='word_1_526' title='bbox 1766 4254 2072 4331; x_wconf 85' lang='lat' dir='ltr'><strong>tempus,</strong></span> <span class='ocrx_word' id='word_1_527' title='bbox 2116 4237 2193 4310; x_wconf 74' lang='lat' dir='ltr'><strong>ut</strong></span> <span class='ocrx_word' id='word_1_528' title='bbox 2220 4263 2388 4332; x_wconf 80' lang='lat' dir='ltr'><strong>per-</strong></span> 
     </span>
     <span class='ocr_line' id='line_1_58' title="bbox 108 4327 2390 4416; baseline 0.005 -35"><span class='ocrx_word' id='word_1_529' title='bbox 108 4330 306 4400; x_wconf 88' lang='lat' dir='ltr'><strong>petuo</strong></span> <span class='ocrx_word' id='word_1_530' title='bbox 349 4348 514 4390; x_wconf 82' lang='lat' dir='ltr'><strong>eum·</strong></span> <span class='ocrx_word' id='word_1_531' title='bbox 541 4327 893 4394; x_wconf 76' lang='lat' dir='ltr'><strong>retineres.</strong></span> <span class='ocrx_word' id='word_1_532' title='bbox 1008 4331 1104 4394; x_wconf 85' lang='lat'><strong>16.</strong></span> <span class='ocrx_word' id='word_1_533' title='bbox 1171 4330 1330 4395; x_wconf 91' lang='lat' dir='ltr'><strong>Non</strong></span> <span class='ocrx_word' id='word_1_534' title='bbox 1372 4335 1503 4394; x_wconf 81' lang='lat' dir='ltr'><strong>iam</strong></span> <span class='ocrx_word' id='word_1_535' title='bbox 1545 4340 1622 4392; x_wconf 88' lang='lat' dir='ltr'><strong>ut</strong></span> <span class='ocrx_word' id='word_1_536' title='bbox 1660 4347 1964 4407; x_wconf 88' lang='lat' dir='ltr'><strong>servum,</strong></span> <span class='ocrx_word' id='word_1_537' title='bbox 2021 4330 2141 4395; x_wconf 89' lang='lat' dir='ltr'><strong>sed</strong></span> <span class='ocrx_word' id='word_1_538' title='bbox 2181 4337 2390 4416; x_wconf 78' lang='lat' dir='ltr'><strong>super</strong></span> 
     </span>
    </p>
   </div>
   <div class='ocr_carea' id='block_1_9' title="bbox 91 4412 2386 4560">
    <p class='ocr_par' dir='ltr' id='par_1_9' title="bbox 91 4412 2386 4560">
     <span class='ocr_line' id='line_1_59' title="bbox 91 4412 2386 4560; baseline 0.006 -95"><span class='ocrx_word' id='word_1_539' title='bbox 91 4420 365 4551; x_wconf 52' lang='lat' dir='ltr'><strong>‘sellium</strong></span> <span class='ocrx_word' id='word_1_540' title='bbox 414 4412 688 4479; x_wconf 77' lang='lat' dir='ltr'><strong>fratrem</strong></span> <span class='ocrx_word' id='word_1_541' title='bbox 728 4414 1052 4511; x_wconf 70' lang='lat' dir='ltr'><strong>dilectum</strong></span> <span class='ocrx_word' id='word_1_542' title='bbox 1095 4419 1388 4481; x_wconf 81' lang='lat' dir='ltr'><strong>maxime</strong></span> <span class='ocrx_word' id='word_1_543' title='bbox 1436 4415 1642 4560; x_wconf 44' lang='lat' dir='ltr'><strong>mihQiti</strong></span> <span class='ocrx_word' id='word_1_544' title='bbox 1704 4425 1961 4497; x_wconf 80' lang='lat' dir='ltr'><strong>quanto</strong></span> <span class='ocrx_word' id='word_1_545' title='bbox 2006 4418 2218 4500; x_wconf 83' lang='lat' dir='ltr'><strong>magis</strong></span> <span class='ocrx_word' id='word_1_546' title='bbox 2260 4417 2386 4480; x_wconf 87' lang='lat' dir='ltr'><strong>tibi</strong></span> 
     </span>
    </p>
   </div>
   <div class='ocr_carea' id='block_1_10' title="bbox 1529 4673 1559 4681">
    <p class='ocr_par' dir='ltr' id='par_1_10' title="bbox 1529 4673 1559 4681">
     <span class='ocr_line' id='line_1_60' title="bbox 1529 4673 1559 4681; baseline 0 0"><span class='ocrx_word' id='word_1_547' title='bbox 1529 4673 1559 4681; x_wconf 54' lang='lat' dir='ltr'><strong>a—</strong></span> 
     </span>
    </p>
   </div>
  </div>
 </body>
</html>
