2820 4895
511 185 520 201 ’
591 231 726 298 ΔΙ)
794 230 1495 304 ΤιΜοΤΗΕυΜ
1538 233 1622 297 11.
1686 229 1850 340 ομ,
1887 236 1972 301 11.
2302 241 2427 306 διε

141 412 433 457 externam
476 399 1028 525 igiossificationem,
1076 400 1152 456 'de
1194 417 1309 472 qua
1350 402 1616 474 loquitur
1651 403 1940 460 secundae
1979 405 2056 459 ad
2093 403 2427 461 Corinthios

140 493 169 526 e
207 473 296 527 ist.
322 490 387 527 ca
447 507 461 520 .
645 506 660 523 .
975 475 980 488 '
1048 525 1059 532 ,
1144 485 1147 490 ·
1861 471 1897 522 “.

168 492 202 543 P
270 543 350 596 12.
391 488 497 593 Psi
524 509 833 606 'negamusu
919 539 1307 591 Comminatio
1355 531 1588 613 quo'que
1631 539 1867 600 additur
1909 534 1983 599 ad
2022 543 2428 598 excutiendam

148 612 453 680 ignaviam.
512 605 684 662 Nihil
714 608 871 660 enim
895 609 966 660 iis
996 627 1128 661 cum
1161 611 1391 662 Christo
1428 630 1549 663 esse
1577 612 1916 684 denuntiat,
1967 616 2068 687 qui
2108 632 2427 686 persequu-

146 683 313 733 tionis
349 693 570 732 terrore
607 679 1042 731 confessionem
1081 681 1336 733 nominis
1375 683 1499 734 eius
1541 683 1850 738 abiiciunt.
1923 687 2112 757 Quam
2146 686 2306 740 enim
2337 695 2429 738 est

146 752 485 821 indignum,
523 750 706 819 pluris
747 767 871 801 esse
908 751 1077 802 nobis
1111 752 1391 816 caducam
1422 751 1575 810 hanc
1607 756 1808 807 mundi
1842 754 2058 819 vitam,
2110 773 2284 825 quam
2327 774 2427 808 sa-

150 821 506 888 crosanctum
531 820 676 884 Filii,
693 819 802 873 Dei
836 818 1094 874 nomen?
1165 823 1241 873 Et
1270 831 1372 873 cur
1404 834 1666 875 censeret
1693 825 1847 876 inter
1877 842 2044 892 suos,
2084 827 2180 898 qui
2207 826 2428 897 perfide

148 910 273 945 eum
310 889 658 960 repudiant?
728 889 888 943 Nihil
926 890 1024 943 hic
1063 889 1214 942 valet
1246 892 1609 946 infirmitatis
1635 894 2054 963 patrocinium.
2126 897 2238 949 nisi
2274 898 2428 950 enim

149 978 206 1015 se
236 963 389 1015 vanis
419 959 719 1014 blanditiis
750 967 956 1027 sponte
986 960 1257 1014 fallerent
1281 955 1582 1029 homines,
1633 967 1902 1018 instructi
1934 966 2149 1036 Spiritu
2183 966 2428 1018 fortitu-

148 1033 291 1089 dinis
327 1041 662 1088 constanter
699 1031 1057 1085 resisterent.
1135 1034 1305 1101 Quod
1343 1031 1630 1103 flagitiose
1661 1036 2318 1106 Christumabnegant,
2365 1035 2429 1088 id
2489 1067 2534 1082 ι-

130 1120 257 1154 enon
283 1102 639 1155 infirmitatis
668 1101 842 1154 modo
867 1139 883 1167 ,
923 1103 1024 1155 sed
1049 1101 1417 1155 infidelitatis
1450 1115 1562 1157 est:
1602 1106 1737 1175 quia
1765 1107 1968 1158 mundi
1995 1105 2291 1159 illecebris
2324 1124 2428 1157 ex-

147 1175 363 1226 coecati
401 1172 622 1225 nullam
664 1171 727 1222 in
764 1187 946 1238 regno
976 1172 1088 1224 Dei
1116 1172 1297 1225 vitam
1330 1183 1598 1227 cernunt.
1671 1176 1784 1228 Sed
1820 1177 1968 1229 haec
2006 1176 2275 1232 doct-rina
2303 1192 2424 1227 me-

143 1244 418 1297 ditatione
446 1260 589 1312 opus
615 1241 794 1294 hahet
818 1242 1001 1310 magis
1027 1259 1202 1313 quam
1225 1244 1634 1313 explicatione.
1678 1247 2032 1299 Clara.enim
2058 1256 2194 1299 sunt
2212 1245 2427 1300 Christi

146 1313 343 1369 verba:
390 1316 507 1385 Qui
538 1330 632 1364 me
657 1313 974 1384 negaverit,
1010 1312 1238 1382 negabo
1265 1324 1324 1366 et
1354 1331 1458 1384 ego
1488 1316 1656 1368 illum
1680 1315 1919 1385 (Matth.
1941 1319 2023 1384 10,
2041 1316 2145 1385 33).
2194 1317 2424 1383 Restat,

142 1393 205 1436 ut
226 1386 464 1455 quisque
493 1383 647 1452 apud
671 1399 733 1433 se
760 1391 1007 1449 reputet,
1047 1397 1315 1442 non'esse
1342 1384 1457 1436 hoc
1482 1385 1703 1454 puerile
1728 1387 2283 1454 terriculamentum,
2322 1403 2423 1437 ve-

140 1471 267 1507 rum
302 1455 455 1518 serio
495 1453 866 1521 pronuntiari
895 1470 928 1504 a
956 1453 1181 1520 iudice,
1224 1457 1385 1524 quod
1417 1473 1519 1510 suo
1550 1466 1813 1525 tempore
1844 1474 2043 1512 verum
2071 1453 2250 1509 fuisse
2278 1473 2426 1508 con-

141 1525 329 1579 stabit.
401 1525 573 1597 Quod
598 1524 859 1595 sequitur
889 1526 1167 1576 continuo
1187 1560 1204 1589 ,
1246 1527 1487 1593 fidelem
1524 1544 1748 1577 manere
1778 1528 1983 1593 illum,
2030 1526 2262 1581 etiamsi
2294 1526 2428 1579 fue-

138 1594 312 1650 rimus
351 1594 634 1648 increduli
654 1631 672 1661 ,
718 1589 875 1645 hun‘c
912 1593 1091 1646 habet
1131 1599 1394 1661 sensum,
1451 1595 1612 1648 Nihil
1638 1594 1763 1646 filio
1788 1596 1902 1648 Dei
1927 1605 2030 1649 aut
2058 1597 2180 1649 eius
2206 1596 2427 1665 gloriae

132 1665 412 1734 “decedere
455 1673 658 1717 nostra
701 1659 983 1736 perfidia:
1034 1664 1173 1734 quia
1201 1681 1261 1718 se
1286 1666 1413 1733 ipso
1444 1673 1744 1719 contentus
1782 1666 2026 1719 minime
2053 1676 2254 1720 nostra
2275 1658 2429 1732 pone

138 1733 383 1789 sessione
410 1735 706 1804 indigeat,
749 1751 818 1786 ac
843 1734 891 1786 si
919 1734 1176 1787 dixisset:
1214 1736 1499 1788 Deserant
1530 1735 1844 1803 Christum,
1890 1737 1988 1809 qui
2019 1738 2237 1805 volent,
2278 1736 2428 1789 nihil

137 1804 553 1868 immiserunt,
602 1805 886 1875 siquidem
919 1805 1056 1874 ipsis
1091 1805 1330 1874 perditis
1369 1805 1599 1874 integer
1639 1805 1858 1859 manet.
1928 1808 2273 1878 Quanquam
2300 1807 2426 1876 plus
2497 1831 2502 1836 ‘

137 1875 433 1944 exprimit,
479 1875 770 1938 Christum
794 1874 1016 1927 scilicet
1038 1893 1156 1927 non
1187 1892 1309 1928 esse
1337 1878 1524 1932 nostri
1550 1876 1803 1929 similem
1825 1915 1841 1943 ,
1894 1886 1956 1928 nt
1985 1895 2019 1927 a
2047 1879 2292 1929 veritate
2321 1894 2428 1929 sua

140 1947 438 2001 desciscat.
510 1946 676 1998 Unde
701 1954 894 2012 patet,
936 1944 1177 1998 alienari
1217 1963 1252 1996 a
1282 1945 1546 2013 Christo,
1592 1947 1919 2016 quicunque
1948 1963 2081 2001 eum
2111 1949 2421 2016 abnegant.

76 2027 81 2030 ’
140 2018 318 2086 Atque
347 2019 429 2069 ita
461 2015 656 2084 impiis
690 2016 1080 2073 defectoribus
1103 2015 1455 2083 blanditias,
1504 2016 1711 2085 quibus
1740 2035 1801 2069 se
1831 2016 2193 2084 demulcent,
2246 2034 2426 2069 excu-
2463 2035 2466 2036 ⁷

137 2088 235 2140 tit:
284 2088 416 2158 quia
434 2124 451 2153 ,
508 2095 573 2136 ut
598 2095 732 2139 sunt
760 2086 1092 2154 versipelles
1110 2125 1127 2152 ,
1170 2085 1468 2137 Christum
1493 2087 1767 2139 similiter
1796 2085 2216 2140 multiformem
2241 2097 2300 2139 et
2328 2105 2428 2139 va-

137 2157 284 2214 rium
329 2158 585 2210 libenter
623 2156 932 2224 fingerent.
1008 2156 1159 2225 quod
1187 2156 1317 2208 fieri
1356 2173 1524 2225 posse
1565 2166 1738 2225 negat
1764 2156 1995 2212 Paulus.
2066 2161 2295 2210 Interea
2334 2167 2426 2210 ta-

137 2243 264 2279 men
290 2227 613 2280 tenendum
645 2235 762 2294 est,
815 2226 967 2294 quod
999 2228 1199 2295 priore
1221 2226 1352 2278 loco
1386 2227 1590 2294 attigi,
1639 2228 1815 2280 fidem
1841 2237 2102 2280 nostram
2130 2228 2262 2279 ideo
2289 2228 2426 2296 fun-

138 2295 257 2351 dari
285 2299 346 2350 in
374 2306 660 2367 perpetua
696 2307 754 2349 et
779 2296 1090 2349 inflexibili
1122 2296 1338 2351 Christi
1366 2297 1652 2365 veritate,
1707 2316 1782 2350 ne
1810 2298 2206 2356 inconstantia
2232 2297 2424 2351 homi·
2483 2305 2492 2308 “

136 2385 268 2428 num
296 2371 388 2422 vel
417 2367 752 2421 defectione
779 2368 1027 2419 vacillet.

224 2524 230 2537 ⁸
305 2507 403 2573 14.
451 2506 990 2587 Haecadmone,
1036 2515 1427 2579 contestans
1466 2525 1687 2570 coram
1706 2506 2040 2586 Domino,
2086 2528 2170 2571 ne
2200 2507 2422 2574 verbis

137 2590 561 2680 disceptent,
606 2591 697 2655 ad
739 2591 991 2671 nullam
1028 2589 1422 2669 utilitatem,
1482 2590 1567 2655 ad
1596 2592 2103 2661 subversionem
2130 2591 2426 2656 audien·-

136 2678 323 2742 tium.
418 2676 518 2742 15.
566 2674 780 2741 Stude
819 2689 890 2739 te
925 2681 1150 2762 ipsum
1174 2679 1538 2762 probatum
1575 2675 1894 2740 exhibere
1925 2675 2112 2755 Deo,
2174 2695 2427 2761 opera—

138 2762 306 2825 rium
342 2782 486 2825 non
517 2763 1061 2835 erubescentem,
1101 2774 1286 2826 recte
1321 2766 1660 2824 secantem
1689 2782 2072 2825 sermonem
2100 2766 2421 2828 veritatis,

118 2847 238 2911 716.
285 2841 651 2910 Caeterum
680 2845 1003 2933 profanas
1040 2845 1408 2931 clamorum
1436 2849 2083 2919 inanitatesssmitte.
2165 2847 2248 2908 ad
2278 2866 2428 2910 ma-

133 2931 341 2994 iorem
371 2932 555 2994 enim
584 2929 941 3017 proficient
965 2924 1419 3018 impietatem,
1511 2934 1612 2995 17.
1657 2930 1748 3014 Et
1777 2949 2000 2995 sermo
2035 2951 2305 3006 eorum,
2347 2942 2425 2994 ut
2476 2984 2484 3007 t

136 3034 543 3100 gangr-aena,
651 3019 982 3078 astionem
1021 3015 1329 3090 babebit,
1377 3035 1665 3098 quorum
1707 3015 1790 3079 de
1827 3036 2109 3080 numero
2142 3027 2244 3079 est
2272 3016 2426 3102 Hy—

139 3119 454 3163 menaeus
504 3111 572 3163 et
599 3038 949 3176 {miletum
1053 3104 1147 3163 18.
1206 3098 1341 3181 Qui
1387 3104 1565 3163 circa
1604 3103 1954 3164 veritatem
2003 3101 2424 3176 aberrarunt,

135 3182 1035 3330 dicenteslrcelsurrectionem
1063 3189 1193 3248 iam
1223 3202 1372 3249 esse
1398 3185 1681 3263 factam,
1727 3200 1794 3249 et
1822 3188 2217 3252 subvertunt
2243 3203 2425 3269 quo-

138 3269 422 3332 rundam
455 3270 498 3331 fi
551 3291 674 3332 em.
1106 3287 1119 3295 ·
1419 3278 1430 3283 ”

270 3405 351 3456 14.
380 3406 397 3417 ⁸
425 3403 589 3454 Haec
619 3405 877 3456 admone.
948 3405 1489 3456 Demonstrativum
1516 3404 1677 3456 Haeo
1700 3404 1881 3458 habet
1906 3405 2163 3474 pondus:
2200 3402 2423 3475 signifi-

72 3514 73 3519 ,
137 3480 232 3522 cat
261 3473 416 3525 enim
447 3488 733 3525 summam
762 3473 926 3524 illam
956 3476 1292 3543 Evangelii,
1339 3492 1512 3544 quam
1541 3477 1762 3540 posuit,
1806 3486 1876 3543 et=
1895 3493 2034 3545 quas
2065 3474 2287 3528 addidit
2320 3490 2426 3525 ex·—

134 3540 499 3594 hortationes
517 3579 534 3608 ‚
574 3559 697 3593 esse
722 3544 875 3593 tanti
903 3546 1211 3612 momenti,
1253 3554 1318 3598 ut
1341 3546 1459 3596 illis
1488 3545 1861 3613 suggerendis
1888 3562 2186 3616 nunquam
2220 3544 2428 3596 debeat

133 3609 374 3680 fatigari
404 3614 595 3664 bonus
621 3611 909 3667 Minister.
982 3633 1071 3669 res
1102 3617 1258 3667 enim
1287 3613 1487 3683 dignas
1519 3631 1674 3683 esse,
1727 3632 1875 3686 quae
1913 3617 2136 3667 assidue
2171 3624 2428 3666 tracten-

134 3688 260 3747 tur,
301 3694 361 3735 et
387 3699 635 3752 quarum
662 3696 777 3733 non
808 3685 985 3752 possit
1012 3703 1133 3737 esse
1163 3687 1346 3737 nimia
1374 3685 1873 3739 commemoratio.
1946 3687 2106 3738 Haec
2132 3694 2297 3752 sunt,
2335 3686 2430 3736 in·
2507 3723 2511 3726 -

136 3753 294 3818 quit,
336 3754 546 3821 quibus
577 3769 693 3804 non
725 3763 952 3806 tantum
982 3755 1165 3821 semel
1190 3750 1525 3820 'tradendiS‚
1565 3758 1664 3808 sed
1693 3757 2034 3826 frequenter
2062 3755 2427 3811 inculcandis

134 3827 195 3871 te
225 3838 468 3890 operam
499 3822 636 3874 dare
674 3824 824 3876 vole.
899 3826 1091 3878 Solam
1121 3826 1280 3878 enim
1309 3825 1781 3891 aedificationem
1810 3828 2094 3895 respicere
2126 3828 2297 3879 debet
2325 3826 2431 3876 bo-

136 3908 239 3943 nus
269 3892 511 3958 doctor,
563 3901 622 3942 et
648 3893 705 3944 in
737 3911 865 3945 eam
896 3896 1080 3947 solam
1107 3897 1392 3949 insistere.
1465 3894 1546 3946 Ex
1587 3897 1823 3948 adverso
1856 3913 1970 3947 non
2002 3906 2227 3965 tantum
2260 3913 2295 3946 a
2320 3895 2431 3945 fri-

134 3961 276 4027 gidis
303 3963 737 4032 quaestionibus
765 3982 894 4016 eum
927 3967 1219 4018 abstinere
1243 3967 1441 4029 iubet,
1481 3966 1576 4016 sed
1608 3968 1747 4020 alios
1777 3967 1954 4017 etiam
1983 3968 2311 4035 prohibere,
2356 3983 2431 4017 ne

134 4031 286 4099 ipsas
328 4040 647 4086 sectentur.
715 4036 1059 4107 λογομαχεῖν
1090 4046 1169 4088 est
1197 4052 1434 4106 operam
1467 4035 1603 4086 dare
1632 4036 1997 4089 contentiosis
2028 4034 2431 4107 disputationi·

130 4100 239 4152 hus
260 4141 276 4166 ,
326 4119 471 4171 quas
499 4103 633 4157 fere,
653 4106 811 4173 parit
841 4107 1202 4172 argutiarum
1237 4106 1506 4158 studium.
1537 4118 1540 4121 '
1584 4107 1945 4159 contestatio
1980 4124 2172 4158 coram
2207 4108 2328 4156 Deo
2359 4104 2433 4155 ad

133 4173 475 4224 terrendum
504 4174 684 4238 valet,
724 4184 892 4245 atque
925 4194 995 4228 ex
1023 4175 1136 4227 hac
1167 4178 1472 4229 severitate
1501 4175 1861 4244 colligimus,
1899 4193 2070 4244 quam
2102 4174 2431 4243 perniciosa

131 4256 222 4293 res
250 4243 332 4295 sit
375 4243 676 4295 Ecclesiae
711 4244 967 4314 litigiosa
1008 4247 1280 4301 scientia:
1331 4246 1445 4297 hoc
1487 4253 1607 4311 est,
1654 4263 1800 4317 quae
1843 4246 2172 4313 posthabita
2209 4242 2425 4314 pietate

133 4314 516 4366 ostentationi
544 4312 743 4368 servit.
815 4317 1003 4387 qualis
1035 4326 1119 4367 est
1148 4327 1270 4371 tota
1298 4317 1648 4386 speculativa
1686 4320 1885 4383 (quam
1927 4318 2167 4384 vocant)
2207 4315 2434 4367 theolo-

127 4380 224 4452 gia
260 4384 541 4455 Papatus.
621 4434 627 4438 .
695 4385 779 4438 Ad
816 4388 1041 4440 nullam
1084 4391 1427 4449 utilitatem.
1511 4386 1748 4465 Duplici
1796 4387 2032 4442 nomine
2079 4388 2429 4458 λογομαχίαν

1018 4560 1025 4569 2
1230 4530 1247 4558 Κ

940 4573 957 4597 μ
