2820 4895
639 253 777 324 Δι)
841 199 1522 326 ΤιΜο-ΤΗΕΠΜ
1566 257 1649 320 ιι.
1719 241 1875 320 ομ».
1913 255 1994 320 ιι.
2251 235 2252 238 ‘
2329 260 2457 323 sos

169 427 336 486 verbo
358 440 473 478 suo·
491 440 528 476 a
542 425 742 494 nobis,
781 424 966 482 etiam
987 426 1205 495 Spiritu
1220 441 1357 480 'suo
1368 433 1688 494 praestare,
1723 430 1789 476 ut
1813 423 1882 478 in
1901 425 2448 493 gratia,·³quam1no·

169 497 253 548 bis
280 494 521 547 contulit
599 496 959 551 roboremur.
1032 498 1237 566 Neque
1268 505 1468 550 tamen
1500 489 1885 564 supervacuae
1920 505 2055 548 sunt
2093 494 2447 550 exhortatio-

154 575 301 632 aesies,
351 565 509 633 quia·
558 566 764 632 piritus
791 567 906 619 Dei
934 566 1228 620 nosintus
1258 567 1471 618 docens
1497 565 1679 631 facit,
1722 579 1800 617 ne*
1824 564 2043 626 frustra
2072 574 2133 618 et
2151 565 2448 630 „inutiliter

152 636 299 692 *illae
339 635 612 688 insonent
652 636 909 690 auribus.
990 636 1267 758 {uisquis
1298 651 1436 704 ergo
1469 643 1772 703 agnoscet,
1825 644 2195 700 praesentem
2237 630 2442 688 exhor·
2529 671 2534 684 .

169 706 445 764 tationem
488 720 608 755 non
651 705 826 757 aliter
859 714 998 775 potu
1025 722 1111 758 sse
1158 722 1282 761 esse
1325 705 1684 757 fructuosam
1725 699 1904 772 quam·
1936 720 2153 757 arcana
2190 706 2442 774 Spiritus
2482 754 2488 772 ,

107 769 115 788 “
172 777 410 838 vir-tute,
433 785 754 845 nunquam
793 776 856 827 in
883 775 1218 842 ealiberum
1245 775 1554 828 arbitrium
1582 774 1854 828 stabiliet.
1926 774 2132 828 Addit:
2177 783 2326 843 quas
2355 788 2443 827 est

171 848 229 897 in
258 845 489 900 Christo
516 844 681 910 Iesu,
720 846 798 898 ob
840 846 982 898 duas
1025 862 1258 898 causas:
1318 854 1384 896 ut
1425 846 1634 896 doceat
1670 861 1789 897 non
1829 841 2067 896 aliunde
2108 845 2444 913 contingere

169 928 336 983 quam
362 929 408 967 -ιι
455 912 579 964 solo
619 914 887 982 Christo,
948 923 1006 966 et
1042 916 1265 968 nemini
1301 914 1636 967 Christiano
1675 931 1809 967 eam
1850 914 2200 970 defuturam.
2269 916 2440 968 ‹Nam

167 1000 337 1053 quum
364 983 439 1036 sit
466 999 611 1034 unus
645 984 904 1040 Christus
934 987 1201 1038 omnibus
1232 986 1590 1048 communis,
1624 984 1886 1054 sequitur
1914 1001 2116 1037 omnes
2143 986 2265 1036 eius
2295 1000 2437 1053 gra.-

168 1055 278 1105 tiae
298 1053 791 1125 esseparticipes,
827 1071 976 1125 quae
1001 1056 1137 1109 ideo
1165 1058 1226 1107 in
1247 1054 1482 1107 Christo
1508 1072 1629 1116 esse
1655 1051 1900 1120 dicitu‘r,
1938 1057 2094 1124 quod
2120 1054 2306 1122 ipsam
2333 1053 2438 1105 ha-

163 1123 293 1174 here
330 1122 615 1190 debeant,
670 1127 1002 1194 quicunque
1038 1136 1174 1180 sunt
1207 1126 1446 1181 Christi.
1518 1124 1916 1178 Blandasshaec
1955 1125 2065 1178 filii
2102 1124 2435 1193 appellatio,

171 1209 278 1262 qua
307 1194 489 1252 utitur
507 1231 523 1259 ,
561 1209 681 1246 non
707 1212 913 1267 parum
946 1194 1020 1248 ad
1049 1196 1475 1258 conciliandam
1497 1198 1749 1266 gratiam
1774 1195 1972 1264 valet,
1997 1212 2111 1265 quo
2140 1195 2348 1246 melius
2376 1194 2439 1245 in

166 1265 418 1330 animum
447 1264 715 1318 doctrina
745 1273 1029 1335 penetret.
1749 1323 1752 1324 ⁷
1837 1293 1840 1298 ·
2367 1289 2368 1292 ¹

295 1336 344 1386 2.
372 1365 375 1372 ›
413 1337 493 1386 Et
522 1353 668 1402 quas
702 1355 737 1386 a
767 1354 851 1388 me
882 1336 1126 1404 audisti.
1198 1337 1421 1387 Iterum
1458 1334 1742 1399 osten‘dit,
1791 1342 2073 1404 quantum
2102 1333 2178 1386 sit
2205 1333 2279 1385 de·
2301 1349 2434 1401 pro-

159 1402 417 1471 pungenda
444 1403 523 1456 ad
548 1413 813 1472 posteros
836 1422 977 1458 sana
1004 1403 1276 1462 ,doctrina
1299 1405 1620 1467 sollicitum
1661 1420 1770 1455 nec
1800 1412 2029 1457 tantum
2055 1406 2324 1456 hortatur
2338 1403 2436 1455 Ti-
2509 1433 2516 1456 a

161 1471 482 1539 motheum,
536 1482 602 1525 ut
639 1475 886 1544 figuram
924 1476 1046 1527 eius
1090 1484 1148 1526 et
1196 1476 1553 1528 lineamenta
1606 1476 1885 1541 retineat,
1950 1474 2435 1545 quemadmodum

160 1544 312 1609 prius
349 1543 530 1606 fecit,
579 1548 682 1596 sed
711 1548 882 1598 etiam
906 1555 972 1597 ut
999 1544 1111 1613 piis
1147 1544 1483 1598 doctoribus
1511 1560 1773 1612 eam-per
1802 1561 2010 1597 manus
2041 1545 2268 1610 tradat,
2316 1559 2434 1614 quo
2516 1605 2532 1627 Ι

151 1612 368 1689 passim
410 1613 620 1665 diffusa
656 1616 731 1670 in,
756 1616 1074 1694 inultorum
1102 1613 1314 1676 animis
1342 1616 1568 1668 radices
1594 1615 1749 1685 a‘gat.
1821 1616 2071 1668 Videbat
2096 1616 2254 1667 enim
2277 1614 2423 1680 fore,

160 1691 221 1733 ut
258 1679 436 1748 facile
475 1684 909 1752 intercideret,·
947 1684 1334 1738 nisimature
1375 1684 1627 1755 plurium
1670 1685 1992 1738 ministerio
2042 1691 2431 1755 spargeretur.
2501 1728 2507 1738 .

159 1752 233 1804 Et
267 1769 413 1816 sane,
444 1753 734 1822 videmus,
781 1756 920 1824 quid
946 1754 1125 1822 paulo
1151 1766 1282 1825 post
1308 1757 1717 1825 Apostolorum
1743 1763 1994 1808 mortem
2021 1757 2203 1825 egerit
2233 1745 2433 1808 Sataln.

150 1822 406 1880 ,Perinde
430 1823 588 1876 enim
619 1843 689 1878 ac
714 1825 765 1878 si
794 1827 1016 1895 aliquot
1042 1825 1163 1877 iam
1187 1827 1430 1880 saeculis
1455 1843 1658 1879 eorum
1697 1825 1900 1877 fuisset
1942 1825 2165 1894 sepulta
2200 1823 2433 1893 praedi-

158 1895 337 1959 catio,
377 1894 687 1949 innumera
713 1895 922 1949 deliria
949 1896 1200 1964 invexit,
1233 1914 1381 1970 quae
1408 1897 1740 1967 prodigiosa
1771 1895 2124 1949 absurditate
2155 1894 2432 1949 Gentium

158 1963 404 2020 omnium
444 1967 882 2034 superstitiones
923 1966 1242 2021 vincerent.
1312 1969 1443 2020 Non
1482 1968 1660 2037 igitur
1697 1967 1913 2020 mirum
1953 1976 2072 2033 est,
2122 1965 2173 2017 'si
2198 1964 2430 2030 Paul-us,

156 2039 218 2082 ut
240 2034 365 2086 *t'aIe
397 2041 747 2107 tantumque
785 2035 1008 2090 malum
1044 2046 1426 2104 praecaveat,
1476 2038 1735 2089 studiose
1762 2035 1886 2088 vult
1911 2044 2074 2088 suam
2102 2036 2432 2087 doctrinam
2512 2098 2517 2103 ¹

139 2103 300 2169 apud
328 2118 532 2169 omnes
558 2106 679 2176 pios
707 2107 1013 2160 Ministros
1037 2107 1248 2175 deponi
1265 2144 1282 2174 ,
1317 2108 1419 2176 qui
1445 2108 1519 2159 ad
1541 2123 1674 2160 eam
1698 2105 2045 2172 tradendam
2069 2105 2268 2158 idonei
2291 2101 2431 2172 sint,

154 2186 219 2222 ac
242 2173 291 2225 si
314 2173 567 2229 diceret:
607 2177 770 2242 Vide,
797 2188 862 2229 ut
890 2188 1021 2245 post
1046 2190 1297 2229 mortem
1325 2193 1520 2230 meam
1544 2186 1707 2229 certa
1727 2184 1909 2228 exstet
1934 2176 2235 2227 doctrinae
2266 2190 2431 2226 meae

153 2243 506 2299 testificatiO.
578 2245 644 2298 ld
679 2256 874 2301 autem
908 2247 1065 2312 fiet„
1091 2247 1169 2316 si,
1227 2263 1374 2315 quae
1409 2266 1443 2298 a
1480 2266 1575 2299 me
1615 2246 1868 2298 didicisti
1889 2283 1904 2312 ,
1957 2264 2073 2297 non
2100 2247 2224 2315 ipse
2257 2246 2427 2295 modo

152 2310 393 2365 fideliter
424 2315 668 2383 doceas,
713 2318 813 2370 sed
839 2317 1015 2369 latius
1044 2334 1149 2384 per
1178 2317 1320 2368 alios
1353 2333 1515 2369 cures
1545 2316 1914 2385 publicanda.
1983 2333 2116 2385 ergo
2145 2331 2429 2383 quoscun-

152 2398 257 2451 que
285 2385 510 2437 videbis
541 2396 702 2457 aptos
733 2387 808 2441 ad
836 2384 1152 2455 eam-rem,
1192 2386 1425 2439 illorum
1457 2388 1596 2440 fidei
1624 2385 1995 2444 commendes
2019 2386 2177 2439 hun‘c
2199 2384 2431 2437 thesau-

155 2468 300 2509 rum.
369 2456 604 2509 Fideles
629 2458 885 2520 homines
914 2459 1214 2523 nominat,
1255 2474 1373 2510 non
1402 2476 1438 2509 a
1464 2459 1614 2527 fide,
1667 2477 1814 2528 quae
1843 2458 2001 2509 inter
2031 2473 2231 2508 omnes
2260 2455 2426 2509 Chris

153 2523 368 2589 stianos
407 2537 495 2577 est
536 2529 895 2581 communis:
942 2528 1177 2595 sedper
1204 2528 1645 2594 excellentiam,
1694 2530 1792 2599 qni
1832 2528 2115 2581 rata-fide
2151 2524 2426 2593 polleant.

151 2594 447 2665 Possemus
478 2596 655 2648 etiam
682 2598 853 2650 Fidos
882 2607 1106 2650 vertere
1124 2617 1140 2650 ε
1190 2599 1327 2666 quia
1354 2600 1526 2668 pauci
1555 2607 1719 2664 sunt,
1759 2599 1859 2667 qui
1891 2599 2114 2649 sincere
2143 2596 2428 2648 creditam
2447 2628 2464 2647 x

152 2662 254 2714 sibi
284 2665 614 2727 doctrinam
641 2678 955 2737 perpetuae
981 2669 1290 2723 memoriae
1319 2687 1663 2722 conservare
1686 2668 1969 2729 studeant.
2037 2667 2202 2721 Alios
2225 2667 2430 2734 impela

153 2730 223 2785 lit
248 2736 533 2799 ambitio,
584 2754 769 2807 eaque
799 2739 1135 2807 multiplex,
1191 2740 1334 2791 alios
1362 2741 1632 2806 avaritia,
1683 2736 2222 2811 alingmalignitaffi
2280 2737 2426 2788 alios

149 2804 536 2870 periculorum
592 2819 784 2862 metus
836 2810 1050 2863 tardat.
1120 2808 1431 2878 singularis
1474 2826 1609 2879 ergo
1653 2808 1751 2859 hic
1799 2809 2113 2877 requiritur
2156 2807 2422 2859 fidelitas.

152 2874 259 2925 Per
294 2878 511 2927 multos
556 2890 749 2932 testes.
818 2881 952 2932 Non
989 2879 1280 2948 significat
1318 2890 1492 2932 testes
1532 2898 1567 2931 a
1597 2896 1658 2932 se
1683 2877 1862 2930 fuisse
1889 2876 2174 2931 adhibitos
2202 2878 2426 2929 solenni

149 2942 298 3010 ritu,
348 2944 651 2997 Timothei
685 2964 889 3002 causa:
944 2951 1045 3002 sed
1084 2950 1362 3019 quoniam
1394 2950 1662 3005 nonnulli
1698 2948 2155 3001 controversiam
2195 2963 2427 2999 movere

150 3019 446 3091 poterant,
490 3024 714 3071 essetne
742 3035 776 3072 a
800 3021 980 3073 Paulo
1008 3021 1357 3089 profectum,
1392 3022 1546 3092 quod
1574 3008 1810 3072 doceret
1838 3016 2180 3070 Timotheus
2198 3036 2230 3084 ,‘
2252 3033 2334 3067 an*
2351 3018 2424 3068 ab

149 3097 272 3148 ipso
310 3085 662 3139 confictum:
701 3082 948 3142 ‘omnem
982 3091 1406 3144 dubitationem
1439 3092 1648 3143 *eximit
1672 3089 1786 3155 hac
1810 3089 2069 3154 ratione,
2122 3088 2276 3156 quod
2305 3104 2420 3138 non
2467 3150 2472 3153 j

154 3151 480 3206 clanculum
507 3155 570 3209 in
595 3160 806 3226 angulo
831 3161 1025 3213 fuerat
1051 3160 1325 3231 loquutus
1342 3200 1358 3228 ,
1399 3162 1499 3214 sed
1525 3160 1696 3213 multi
1718 3159 2019 3225 vivebant,
2061 3159 2159 3227 qui
2189 3167 2423 3225 possent

147 3225 346 3276 testari
379 3225 531 3278 nihil
560 3229 827 3293 proferre
854 3230 1218 3284 Timotheum
1236 3270 1253 3298 ,
1300 3233 1452 3300 quod
1481 3249 1599 3284 non
1629 3248 1698 3281 ex
1725 3230 1893 3283 Pauli
1924 3246 2023 3282 ore
2048 3229 2208 3295 prius
2237 3228 2423 3280 audis·-

146 3295 420 3365 sent,ipsi
454 3312 707 3367 quoque.
773 3302 926 3369 Ergo
950 3310 1134 3353 ,extra
1174 3303 1561 3371 suspicionem
1599 3302 1794 3353 futura
1830 3310 1958 3352 erat
1985 3298 2281 3351 Timothei
2321 3297 2422 3348 do·

152 3364 367 3431 ctrina,
420 3381 604 3432 quum
639 3367 884 3421 baberet
915 3372 1232 3439 permultos
1270 3372 1744 3440 condiscipulos„
1781 3371 1877 3439 qui
1909 3369 2310 3427 testimonium
2335 3367 2423 3421 illi

146 3444 373 3498 possent
418 3435 684 3501 reddere.
768 3442 922 3492 Hinc
971 3443 1245 3495 discimus
1267 3475 1295 3509 ,1
1343 3450 1623 3511 quantum
1666 3442 1934 3493 laborare
1980 3441 2188 3491 debeat
2227 3454 2422 3489 servus

148 3500 356 3556 Christi
388 3521 496 3571 pro
535 3509 1038 3566 conservandam
1071 3514 1288 3565 tuenda
1329 3514 1631 3565 doctrinae
1670 3512 1957 3579 puritate,
2008 3527 2194 3578 neque
2235 3508 2419 3559 solum

148 3574 420 3657 quamdiu
460 3577 636 3645 vivit,
688 3580 788 3632 sed
826 3599 1001 3651 quam
1036 3584 1374 3653 longissime
1412 3585 1535 3638 eius
1578 3598 1723 3634 cura
1751 3592 1808 3634 et
1833 3581 2087 3635 studium
2114 3580 2422 3630 extendere

151 3656 209 3692 se
233 3653 469 3712 potant.
1781 3700 1782 3703 ,

186 3754 192 3767 ,
274 3712 323 3766 3.
383 3713 467 3765 Tu
494 3715 677 3779 igitur
696 3715 865 3779 feras
895 3720 1274 3788 afflictiones.
1344 3723 1480 3773 Non
1509 3720 1636 3772 sine
1663 3736 1872 3788 magna
1899 3718 2246 3770 necessitate
2270 3717 2420 3783 hauc
2511 3726 2514 3731 ’

147 3783 465 3837 secundam.
494 3784 959 3838 exhortationem
999 3792 1263 3843 attexuit.
1334 3791 1405 3843 Se
1447 3791 1599 3842 enim
1641 3790 1713 3841 ad
1757 3791 2024 3841 ferendas
2069 3768 2418 3838 afflictiones

148 3862 484 3920 comparent
517 3864 780 3923 oportet,
824 3859 926 3927 qui
958 3876 1061 3910 sua
1096 3858 1372 3928 obsequia
1401 3861 1636 3914 Christo
1679 3860 1952 3912 offerunt.
2020 3858 2217 3928 itaque
2268 3874 2415 3909 nun-

148 3933 313 3985 quam
343 3923 459 3974 erit
484 3928 915 3989 perseverantia
938 3928 1062 3981 sine
1083 3930 1400 3982 tolerantia
1426 3931 1737 3984 malorum.
1804 3932 1879 3982 Et
1915 3929 2046 3981 ideo
2090 3928 2279 3978 addit:
2330 3926 2416 3978 Si-

148 3991 262 4071 cuti
288 3991 460 4045 decet
481 3991 688 4045 honuni
721 3998 964 4049 militem
982 4000 1230 4065 Christi,
1269 4017 1382 4068 quo
1398 4002 1575 4054 verbo
1599 3998 1891 4069 significat
1914 3998 2173 4050 militare
2198 4013 2418 4061 omnes,
2453 3990 2470 4005 ‘

147 4073 239 4138 qui
261 4061 491 4114 Chr-isto
510 4064 811 4131 serviunt,
833 4074 890 4116 et
917 4084 1119 4120 eorum
1146 4070 1421 4126 militiam
1445 4086 1563 4122 non
1595 4071 1763 4123 malis
1795 4069 2134 4134 inferendis,
2164 4068 2264 4119 sed
2295 4083 2412 4116 ma·

145 4140 229 4193 8¹⁸
254 4132 533 4211 patientia
555 4144 853 4188 constare.
924 4138 1146 4190 Harum
1179 4156 1375 4192 rerum
1404 4142 1707 4194 meditatio
1739 4140 1864 4209 plus
1890 4156 2064 4211 quam
2093 4137 2418 4189 necessaria

145 4198 433 4254 nobis-cst.
470 4204 773 4269 Videmus,
800 4221 975 4276 quam
993 4207 1163 4260 multi
1184 4210 1380 4262 hastas
1399 4212 1655 4278 quotidie
1681 4210 1982 4276 abiiciant,
2014 4210 2120 4276 qui
2140 4221 2417 4275 magnum

146 4272 334 4323 nescio
366 4272 529 4341 quid>
559 4291 702 4343 prae
736 4294 801 4328 se
834 4276 1119 4334 ferebant.
1200 4281 1367 4333 Unde
1401 4281 1505 4332 id?
1545 4282 1704 4351 ‘quia
1744 4282 1909 4333 cruci
1946 4293 2272 4331 assuescere
2311 4292 2412 4326 ne·

149 4351 380 4423 queunt.
447 4342 706 4396 Primum
746 4355 912 4417 tanta
951 4357 1040 4402 est
1064 4350 1390 4418 mollities,
1440 4360 1507 4404 ut
1545 4351 1817 4405 militiam
1844 4351 2123 4407 horreant
2131 4365 2155 4414 5
2206 4344 2416 4397 deinde

82 4449 87 4453 .
148 4421 261 4460 non
285 4410 466 4464 aham
485 4422 691 4467 tenent
716 4417 1007 4473 militandi
1034 4422 1353 4490 rationem,
1403 4438 1579 4491 quam
1616 4430 1682 4474 ut
1713 4421 1940 4474 ferocia
1978 4435 2109 4472 cum
2147 4417 2413 4468 adversa·-
