2820 4895
526 260 733 366 au.
787 227 1890 336 conessensasncisssi.
2087 355 2094 364 x
2267 263 2481 333 ρης.

171 427 518 550 ὓοῖιᾶορτίο
550 419 702 499 quae
727 440 837 482 nos
854 425 1056 483 ’officit
1080 427 1345 483 idoneos.
1429 425 1686 497 Adoptio
1707 438 1979 496 autem-a
2003 429 2262 502 gratuita
2285 427 2412 485 “ele-

171 496 271 551 ctio
311 519 338 551 e
363 498 594 566 pendet.
665 497 923 566 Spiritus
950 492 1422 567 regenerationis
1454 506 1543 549 est
1572 498 1909 567 adoptionis
1937 498 2223 568 sigillum.
2298 504 2411 556 Ad-

171 566 301 617 didit
336 570 400 619 In
445 570 688 634 lumine,
733 575 802 619 ut
842 575 994 620 esset
1035 565 1412 631 antitheton,
1459 566 1619 635 quod
1650 567 1917 623 tenebris
1957 569 2134 637 regni
2159 569 2410 669 S‘a'tanae

171 651 202 691 α
271 644 548 689 oneretur.
1012 667 1015 670 ·
1064 669 1071 678 ·
1278 677 1281 684 Α
1418 665 1422 672 ·
1775 639 1780 646 ‘
2021 659 2026 665 ·

203 652 264 704 pp
286 702 361 755 13.
432 703 544 770 Qui
572 703 787 769 eripuit
810 720 957 755 nos-.-
1026 700 1117 754 En
1147 698 1511 769 principium
1538 701 1745 754 salutis
1772 709 2014 757 nostrae
2034 741 2051 768 ‚
2092 722 2274 775 quum
2302 723 2409 761 nos

164 771 302 825 Deus
331 771 500 844 eripit
529 789 561 823 e
590 769 896 842 profundo
927 768 1135 832 exitii,
1171 770 1236 821 in
1263 785 1380 840 quo
1406 771 1667 822 demersi
1697 789 1919 826 sumus.
1987 774 2141 827 Nam
2170 775 2275 829 ubi
2306 778 2410 832 ab·

170 848 244 893 est
265 839 377 892 eius
403 841 594 908 gratia
611 878 629 908 ,
661 839 789 893 illic
815 839 1102 901 tenebrae
1119 855 1137 890 ε
1179 838 1666 908 quemadmodum
1692 839 1946 893 habetur
1969 841 2407 909 apudlesaiam

162 907 384 976 (60,‘2‚):
433 910 588 974 Ecce
619 909 905 964 tenebrae
935 906 1506 974 operieut‘terram,
1562 907 1849 977 et'caligo
1887 910 2178 977 populos,
2227 929 2409 982 super

166 985 213 1036 te
235 988 415 1030 autem
445 979 675 1032 orietur
701 977 1027 1041 Dominus,
1077 983 1138 1027 et
1167 974 1364 1042 gloria
1396 975 1525 1028 eius
1550 974 1613 1026 in
1645 983 1706 1026 te
1734 976 2058 1030 videbitur.
2143 980 2408 1039 Primum

164 1046 385 1115 nosipsi
423 1045 706 1100 tenebrae
748 1057 1062 1114 vocamur,
1118 1044 1329 1095 deinde
1352 1052 1528 1100 totus
1568 1044 1837 1116 mundus.
1922 1046 1998 1099 Et
2028 1047 2212 1100 Satan
2242 1052 2409 1117 prin·

165 1131 278 1182 ceps
300 1116 508 1174 ,tenebr
543 1132 711 1181 rum,
761 1114 867 1174 sub
897 1112 1068 1165 cuius
1092 1113 1408 1179 tyrannide
1435 1120 1710 1166 tenemur
1740 1112 1930 1165 vincti
1952 1149 1969 1180 ,
2017 1114 2206 1170 donee
2230 1119 2409 1172 Chri.

154 1184 222 1246 sti
241 1200 404 1236 manu
432 1199 520 1236 ass
562 1198 780 1235 ramur.
806 1239 819 1245 ⁶
855 1182 1007 1233 Hinc
1035 1180 1288 1250 collige,
1336 1191 1528 1236 totum
1568 1182 1851 1236 mundum
1888 1200 2021 1237 cum
2058 1184 2263 1238 fucata
2299 1200 2408 1243 sua

162 1260 210 1303 et
239 1251 554 1321 sapientia,
603 1261 664 1301 et
703 1250 967 1316 iustitia,
1012 1248 1166 1302 nihil
1204 1266 1382 1319 quam
1428 1250 1705 1310 tenebras
1744 1251 1976 1320 censeri
2019 1268 2221 1307 coram
2254 1257 2405 1326 Deo,

152 1320 271 1399 ⁴quia
296 1322 453 1373 nulla
481 1319 585 1371 lux
615 1327 782 1372 extra
804 1317 1025 1376 Christi
1048 1334 1320 1385 regnum.
1472 1316 1803 1370 Transtulit
1830 1321 1894 1370 in¹
1922 1337 2174 1386 regnum.
2243 1324 2416 1380 Haeo

160 1403 258 1440 mn
282 1389 534 1457 auspicia
564 1399 804 1440 nostrae
830 1386 1249 1451 beatitudinis,
1293 1402 1473 1457 quum
1507 1385 1926 1439 transferimur
1955 1389 2017 1441 in
2044 1389 2276 1462 Christi
2309 1411 2407 1447 re-

151 1513 159 1522 ,
223 1476 305 1511 um
325 1495 341 1524 ,
378 1458 861 1528 quiaxtransimus
889 1475 924 1508 a
951 1465 1144 1507 morte
1176 1454 1240 1506 in
1267 1458 1475 1513 vitam.
1563 1455 1697 1508 Hoc
1721 1447 1957 1525 'quoque
1983 1457 2408 1518 ascribitJPau-

159 1472 229 1577 ftis
253 1525 358 1582 Dei
389 1525 660 1594 gratiae,
708 1525 920 1595 nequis
947 1522 1194 1594 proprio
1227 1540 1403 1582 cursu
1423 1532 1661 1578 ,tantum
1692 1525 1912 1576 bouum
1946 1528 2174 1595 assequi
2205 1546 2266 1581 sa
2296 1547 2406 1600 pu-

157 1597 240 1646 tet.
298 1594 816 1664 ¹Quemadmodum
850 1594 1039 1662 ,igitur
1075 1608 1220 1662 opus
1246 1591 1358 1645 Dei
1404 1599 1492 1646 est
1527 1602 1736 1644 nostra
1768 1609 1797 1644 a
1828 1595 2060 1661 peccati
2092 1605 2154 1647 et
2185 1600 2406 1656 mortis

157 1663 409 1716 servitute
448 1661 767 1728 liberatio,
821 1661 911 1715 ita
950 1671 1011 1715 et
1048 1660 1332 1714 transitus
1371 1660 1452 1714 im
1476 1660 1704 1713 Christi
1748 1677 2018 1729 regnum.
2065 1675 2068 1680 ’
2102 1665 2409 1724 Christum
2485 1697 2489 1703 ·
2575 1689 2580 1690 ⁷

149 1741 303 1796 ,vocat
342 1732 559 1784 Filium
598 1732 934 1805 ιζίἱιοιῠρηὶε
972 1731 1066 1783 vel
1099 1732 1229 1782 Deo
1264 1729 1428 1781 Patri
1456 1728 1739 1782 dilectum
1761 1768 1776 1792 ‚
1817 1730 1958 1799 quia
1984 1730 2145 1784 solus
2178 1745 2299 1803 ert,
2338 1737 2406 1789 in
2482 1753 2489 1760 ·

156 1816 247 1868 quo
288 1799 610 1871 acquiescit
648 1799 778 1863 eius
815 1799 1046 1852 anima:
1099 1807 1164 1850 ut
1203 1798 1460 1850 habetur
1489 1798 1703 1854 Matth.
1740 1798 1821 1864 17,
1853 1797 1938 1865 5.,
1983 1807 2046 1851 et
2084 1817 2191 1869 per
2227 1821 2405 1874 quem

157 1868 238 1920 alii
263 1886 457 1922 omnes
493 1867 852 1936 diliguntur.
922 1868 1018 1919 Sic
1047 1865 1209 1919 enim
1239 1866 1613 1924 sentiendum
1644 1875 1753 1932 est,
1789 1884 1897 1919 nos
1928 1866 2104 1921 aliter
2132 1879 2405 1928 nonessa

155 1936 258 1989 Deo
284 1949 475 2008 gratos
495 1974 512 2001 ,
549 1954 721 2006 quam
750 1954 857 2005 per
883 1935 1202 1988 Christum.
1273 1937 1397 1990 Nec
1426 1934 1671 1988 dubium
1699 1944 1820 1999 est,
1857 1936 1996 2004 quin
2024 1938 2269 2007 oblique
2294 1942 2406 1995 ho-

154 2006 265 2058 stile
289 2006 592 2059 dissidium
623 2015 833 2057 notare
862 2003 1004 2057 velit
1032 2004 1280 2067 Paulus,
1319 2003 1475 2072 quod
1510 2013 1599 2058 est
1628 2004 1961 2058 hominibus
1990 2009 2281 2063 cumrDeo
2308 2027 2406 2065 us-

156 2089 246 2142 que
269 2075 400 2127 dum
425 2076 496 2126 in
520 2073 851 2125 Mediatore
879 2073 1120 2124 dilectio
1149 2072 1480 2141 refulgeat„
2453 2137 2458 2144 „

269 2145 346 2196 14.
443 2145 520 2195 In
556 2161 668 2212 quo
709 2143 978 2193 habemus
1016 2141 1474 2208 redemptionem.
1573 2142 1701 2194 Iam
1752 2141 1956 2194 ordino
2007 2145 2405 2215 persequitur,
2459 2201 2460 2204 ,

155 2207 328 2262 omnes
367 2211 578 2265 salutis
619 2222 854 2264 nostrae
895 2218 1095 2277 partes
1130 2208 1193 2259 in
1224 2208 1461 2274 Christo
1502 2210 1843 2264 contineris
1883 2220 1943 2264 et
1964 2212 2155 2280 ipsum
2180 2215 2403 2284 solum,

153 2288 205 2332 ut
225 2291 301 2332 est
326 2279 698 2350 principium
724 2278 987 2332 omnium
1014 2289 1078 2329 et
1104 2278 1269 2340 finis,
1323 2278 1540 2336 debere
1574 2279 1864 2346 eminere,
1913 2288 1975 2331 et
2011 2281 2399 2350 conspicuum

155 2350 295 2402 cerni
331 2367 515 2420 supra
552 2365 753 2401 omnes
796 2355 1116 2401 creaturas.
1204 2345 1400 2397 Primo
1431 2347 1579 2400 dicit
1605 2347 1664 2398 in
1696 2364 1763 2397 eo
1790 2365 1897 2400 nos
1923 2348 2143 2404 habe're
2171 2351 2406 2406 redem-

151 2417 422 2484 ptionem,
489 2427 554 2469 et
593 2433 724 2470 eam
761 2414 1044 2469 continuo
1088 2409 1964 2484 interpretatur.remissionem
2007 2421 2401 2487 peccatorum.
2496 2487 2499 2495 ,

154 2485 287 2540 Haec
318 2491 483 2539 enim
513 2488 626 2539 duo
658 2485 816 2538 inter
845 2501 907 2536 se
936 2483 1265 2554 appositive
1290 2485 1634 2537 cohaerent.
1672 2501 1810 2536 nam
1840 2496 2001 2539 certe
2029 2488 2223 2556 Deus,
2255 2510 2256 2513 ¹
2304 2508 2418 2563 ec-x

151 2566 258 2609 eata
286 2556 457 2609 nobis
501 2554 900 2619 remittendo,
951 2555 1024 2604 ab
1055 2561 1327 2606 aeternae
1356 2555 1571 2606 mortis
1601 2565 1771 2606 reatu
1795 2571 1902 2606 nos
1934 2555 2161 2607 eximit.
2293 2568 2406 2612 aee

152 2635 323 2678 nostra
348 2627 629 2689 libertas,
663 2622 814 2676 haec
847 2621 1119 2675 adversus
1151 2623 1737 2699 mortemxgloriatim
1776 2625 1929 2691 quod
1957 2625 2128 2677 nobis
2151 2637 2404 2695 peccata

153 2706 246 2744 non
286 2695 681 2764 imputantur.
760 2683 932 2743 Hanc
961 2690 1435 2757 redemptionem
1464 2692 1602 2743 dicit
1631 2691 1985 2759 acquisitam
2017 2702 2143 2746 esse
2174 2695 2398 2767 Cly-isti

148 2760 404 2829 'sanguine
422 2784 442 2815 .-
483 2779 623 2812 nam
650 2758 948 2814 sacrificio
974 2759 1194 2823 mortis
1220 2760 1341 2812 eius
1372 2760 1603 2826 expiata
1630 2769 1770 2814 sunt
1800 2761 1997 2813 omnia
2024 2762 2225 2814 mundi
2245 2781 2401 2830 *pecq

153 2840 274 2884 eata.
357 2829 814 2884 Meminerimus
843 2844 991 2896 ergo
1009 2864 1026 2894 ,
1075 2827 1191 2879 hoc
1216 2844 1401 2879 unum
1429 2844 1552 2879 esse
1580 2828 2092 2883 reconciliationis
2123 2832 2402 2903 pretium,

150 2896 368 2972 ideoque
394 2897 837 2970 blasphemiam
868 2914 994 2950 esse
1027 2896 1310 2967 quicquid
1342 2896 1415 2948 de
1448 2896 1956 2963 satisfactionibus
1988 2897 2258 2967 Papistae
2288 2917 2398 2969 nu,-

182 2979 353 3023 antur.
1628 2984 1637 2993 ‘

150 2981 179 3034 g
264 3038 345 3091 15.
418 3036 544 3106 Qui
572 3049 656 3087 est
682 3022 1012 3100 imago‘Dei
1037 3032 1377 3098 invisibilis.
1450 3031 1640 3084 Altius
1669 3033 2027 3101 conscendit,
2061 3034 2400 3102 disserendo

150 3101 208 3158 de
232 3105 456 3160 Christi
491 3105 701 3176 gloria.
771 3101 1103 3170 Imaginem
1126 3094 1235 3154 Dei
1264 3098 1584 3152 invisibilis
1612 3100 1905 3179 appellat:
1947 3104 2397 3175 quo'significat

152 3190 265 3228 eum
286 3175 477 3228 ‘solum
509 3191 663 3241 esse,
761 3189 824 3223 er
852 3187 1026 3241 quem
1053 3172 1214 3222 Deus
1243 3168 1471 3238 alioqui
1499 3169 1818 3221 invisibilis
1845 3171 2018 3225 nobis
2047 3174 2398 3237 manifesta.

150 3251 259 3309 tur,
313 3242 639 3298 secundum
673 3240 718 3292 il
749 3239 824 3293 ud
876 3240 1149 3306 (lohann.
1184 3241 1234 3303 1,
1267 3237 1370 3298 18.)
1391 3255 1407 3288 2
1435 3262 1440 3275 ι
1471 3239 1674 3306 Deum
1706 3255 1878 3294 nemo
1916 3239 2065 3293 vidit
2101 3238 2392 3314 unquam;

151 3313 502 3379 unigenitus,
554 3310 654 3381 qui
692 3317 784 3362 est
810 3309 885 3363 in,
918 3309 1051 3361 sinu
1091 3305 1313 3372 Patris,
1360 3307 1488 3374 ipse
1527 3306 1701 3359 nobis
1742 3308 2171 3377 manifestavit.
2256 3315 2393 3371 Scio

218 3382 380 3434 aliter
401 3390 634 3437 veteres
663 3394 953 3445 exponere
975 3376 1223 3430 soleant.
1255 3374 1394 3443 quia
1424 3374 1579 3428 enim
1608 3384 1906 3428 certamen
1931 3376 2232 3433 habebant
2255 3399 2392 3436 cum
2419 3395 2423 3401 ’

152 3396 383 3502 Ἑτίαιιίο
402 3487 420 3520 ,
457 3447 895 3516 ,aequalitatem
924 3444 1060 3498 Filii
1094 3462 1224 3503 cum
1255 3445 1431 3497 Patre
1459 3454 1518 3496 et
1543 3440 1820 3515 ὁμουσίαν
1845 3454 2100 3508 urgent:
2150 3448 2390 3510 interea

151 3525 355 3585 tacent,
406 3517 566 3588 quod
606 3524 693 3568 est
730 3515 1145 3583 praecipuum,
1196 3513 1494 3582 quomodo
1534 3515 1712 3566 Pater
1750 3513 1813 3564 in
1855 3514 2089 3565 Christo
2125 3533 2188 3567 se
2220 3519 2393 3572 nobis

153 3587 609 3654 cognoscendum
650 3582 941 3635 exhibeat.
1029 3581 1200 3651 Quod
1239 3582 1303 3634 in
1341 3581 1630 3634 vocabulo
1666 3582 1948 3650 Imaginis
1991 3592 2194 3636 totum„
2218 3603 2392 3641 suum

149 3655 501 3720 praesiduum
554 3651 867 3705 constituit
906 3651 1396 3718 Chrysostomus,
1458 3651 1595 3702 dum
1653 3652 1992 3715 contendit,
2052 3648 2393 3710 creaturam

150 3737 250 3775 non
277 3742 442 3792 posse
472 3722 594 3774 dici
615 3720 916 3785 Creatoris
943 3714 1270 3787 imaginem
1289 3737 1306 3770 z
1345 3719 1518 3770 nimis
1541 3718 1838 3772 infirmum
1867 3730 1974 3770 est.
2012 3719 2136 3772 imo
2156 3723 2388 3777 aPaulo
2479 3774 2484 3777 ,

152 3792 212 3853 (Ῑ.
236 3792 506 3857 Corinth.
535 3793 618 3856 11,
645 3788 724 3856 7.)
770 3788 1103 3853 refellitur,
1161 3786 1330 3839 cuius
1371 3787 1550 3839 verba
1589 3796 1757 3838 sunt:
1824 3787 1933 3839 Vir
1971 3796 2058 3840 est
2078 3789 2290 3859 imago
2330 3802 2393 3847 et

149 3858 320 3928 gloria
350 3860 481 3919 Dei.
550 3856 786 3926 Nequid
815 3874 953 3926 ergo
979 3854 1298 3913 habeamus
1325 3854 1441 3907 nisi
1461 3855 1750 3925 (solidum,
1785 3857 2113 3911 notandum
2137 3868 2244 3925 est,
2278 3856 2388 3913 nd-

149 3944 266 3980 men
300 3929 580 3999 Imaginis
616 3943 732 3978 non
775 3924 1112 3993 praedicari
1152 3924 1235 3976 de}
1266 3924 1518 3975 essentia
1539 3960 1556 3987 ,
1606 3923 1709 3975 sed
1735 3924 1953 3974 habere
1988 3926 2059 3977 ad
2093 3941 2201 3979 nos
2232 3930 2391 3982 rela-

152 3995 372 4052 tionem.
448 3997 585 4050 Ideo
625 3994 782 4053 enim
813 3995 1010 4063 imago
1046 3990 1160 4046 Dei
1199 3990 1509 4057 Christus,
1561 3991 1698 4059 quia
1727 3992 1921 4044 Deum
1960 3994 2389 4061 quodammodo

150 4062 297 4118 nobis
331 4065 477 4118 facit
513 4062 827 4117 visibilem.
865 4058 869 4065 ’
956 4076 1244 4128 uanquam
1271 4060 1407 4126 inde
1432 4060 1609 4111 etiam
1637 4059 1944 4127 colligitur
1980 4056 2237 4131 ὁμουσία.
2286 4084 2390 4117 ne-

184 4149 244 4185 ue
280 4137 437 4186 enim
475 4136 670 4186 Deum
711 4148 843 4185 vere
888 4131 932 4181 C
979 4129 1161 4180 ristun
1201 4137 1705 4196 repraesentaret,
1769 4128 1886 4182 nisi
1930 4132 2187 4184 Verbum
2235 4143 2389 4201 esset

200 4202 245 4252 ei
269 4203 610 4255 essentiale:
669 4198 901 4270 quando
927 4199 1025 4250 hic
1056 4214 1171 4267 non
1201 4197 1496 4264 agitur-'tle
1521 4194 1623 4262 iis,
1672 4203 1955 4267 quaeper
1984 4197 2389 4255 communica·-

153 4269 346 4322 tionem
388 4271 456 4321 in
495 4279 794 4321 creaturas
824 4265 1013 4333 „etiam
1051 4274 1433 4337 competunt;
1480 4264 1579 4316 sed
1620 4267 1820 4333 agitur
1860 4266 1933 4317 de
1968 4268 2234 4334 perfecta
2262 4269 2389 4349 Dei

155 4338 451 4405 sapientia,
499 4337 795 4401 bonitate,
846 4334 1110 4396 iustitia,
1163 4334 1231 4399 et‘
1261 4335 1562 4402 potentia:
1611 4333 1844 4402 »quibus
1876 4337 2388 4402 repraesentandis
2413 4358 2416 4369 ¹

1581 4399 1645 4452 in
1668 4401 1782 4455 hoo
1812 4402 2101 4495 vocabulo
2128 4405 2394 4471 validum=

1570 4472 1612 4536 9

126 4405 294 4460 ‚nulla
323 4418 594 4462 creatura
627 4406 950 4467 sufficeret.
1000 4403 1134 4457 Erit
1156 4402 1348 4477 igitur
1376 4401 1552 4457 nobis

220 4474 294 4538 ll.
359 4481 383 4517 Ὗ
