2820 4895
390 264 520 330 464
678 304 681 309 -
1035 306 1058 341 2„
1100 222 1106 231 ’
1153 258 1272 327 m.
1321 248 1957 347 ammonae·
1994 355 2003 377 ι
2046 300 2055 309 .

390 382 649 514 hyssopo
665 468 686 500 ,
719 436 787 553 εἰ
811 401 1167 486 mundabor.
1240 429 1409 491 Haeo
1434 426 1777 497 suffieient,¹
1807 425 2023 499 quibus
2047 425 2252 482 solu-ia
2276 425 2680 498 philosophari

393 518 627 555 animus
656 517 716 555 es
853 542 877 557 .
1768 514 1773 517 Α

527 594 617 653 ⁹22.
692 603 770 652 Et
794 599 1199 667 propemodum
1232 599 1493 650 onznia.-
1536 598 1733 669 Quum
1762 597 1914 649 dicit
1939 596 2383 666 Propemodum
2394 633 2417 679 Ρ
2459 597 2683 649 videtur

391 670 655 722 indicare
694 667 870 720 aliter
916 667 1205 738 quaedam
1248 665 1512 735 purgari.
1578 667 1676 719 ‘Et
1717 660 1880 718 certe
1914 684 2068 736 aqua
2096 683 2159 718 se
2187 672 2248 719 et
2277 666 2426 717 alias
2453 681 2548 716 res
2580 664 2684 718 im·

393 739 640 792 mundas
678 753 1103 805 saepenumero
1143 735 1481 789 abluebant.
1551 737 1771 788 Verum
1813 741 1872 787 et
1914 733 2216 804 aqua-illa
2253 734 2373 786 vim
2415 734 2686 788 abluendi

393 806 651 860 habebat
692 822 763 858 ex
800 803 1141 864 sacrifieiis..
1194 814 1261 856 ut
1299 821 1437 855 vere
1473 804 1792 871 Apostolus
1808 800 2070 856 ‘tandem
2117 804 2506 883 pronuntiet,
2560 804 2686 855 nul·

394 877 519 929 lam
553 877 676 928 sine
713 873 1000 943 sanguine
1041 871 1231 925 fuisse
1276 872 1709 927 remissionem.
1807 873 2062 925 Proinde
2117 873 2540 940 imputabatur
2580 872 2688 924 iiu-

309 984 316 993 ,
394 944 759 1011 mundities,
795 945 985 996 donec
1011 941 1310 993 sacrificio
1346 951 1502 994 esset
1530 943 1784 1009 expiata.
1869 943 1948 994 Et
1987 940 2491 1011 quemadmodum
2531 950 2689 1015 extra

396 1013 710 1069 Christum
746 1028 868 1063 non
907 1020 995 1062 est
1032 1010 1259 1079 puritas
1304 1027 1503 1090 neque
1540 1010 1732 1075 salus,
1780 1009 1873 1062 ita
1913 1009 2077 1062 nihil
2100 1009 2238 1062 'sine
2274 999 2571 1078 &nguine
2597 1009 2689 1063 vel

439 1086 647 1149 urum,
687 1082 779 1132 vel
809 1079 1066 1132 salutare
1097 1094 1221 1130 esse
1249 1087 1448 1150 potuit
1469 1117 1486 1147 ‚
1540 1077 1681 1149 quia
1709 1095 2010 1148 nunquam
2035 1095 2070 1130 a
2099 1077 2308 1131 mortis
2339 1094 2486 1131 suae
2506 1079 2690 1131 sacri—

442 1152 534 1205 oio
560 1148 919 1218 separandus
942 1156 1031 1207 est
1059 1147 1359 1210 Christus;
1396 1147 1499 1200 sed
1514 1147 1828 1217 Apostolus
1856 1146 2213 1218 simpliciter
2235 1147 2446 1198 dicere
2478 1147 2691 1216 voluit,

393 1223 524 1277 fere
560 1218 794 1287 semper
832 1214 1168 1269 adhibitum
1203 1215 1391 1269 fuisse
1436 1216 1553 1273 hoo
1592 1215 1943 1283 symbolum.¹
2030 1215 2202 1286 Quod
2227 1216 2548 1284 siquando
2575 1233 2692 1269 non

301 1290 310 1313 ¹
395 1290 578 1345 fiebat
603 1284 885 1358 purgatio
905 1323 922 1346 ,
958 1284 1346 1337 nihilominus
1374 1294 1507 1337 erat
1530 1285 1938 1354 insanguine,
1976 1285 2464 1354 quandoquidem
2494 1302 2692 1339 omnes

395 1361 549 1411 ritus
595 1356 715 1408 vim
758 1367 921 1407 suam
966 1355 1400 1423 quodammodo
1442 1371 1514 1405 ex
1556 1353 1824 1423 generali
1869 1355 2201 1423 expiatione
2243 1355 2690 1410 mutuabantur.

395 1429 552 1481 Nam
582 1442 773 1495 neque
801 1423 1021 1491 singuli
1053 1439 1125 1474 ex
1152 1423 1379 1490 populo
1407 1421 1680 1490 adspersi
1708 1423 1983 1487 fuerunt,
2022 1421 2349 1492 (quomodo
2379 1426 2549 1476 enim
2574 1440 2693 1476 mo-

394 1497 527 1549 dica
551 1492 860 1564 sanguinis
887 1490 1087 1560 portio
1114 1492 1184 1543 ad
1214 1500 1386 1544 tanta
1416 1490 1870 1547 multitudinem
1899 1491 2177 1544 sufficere
2208 1492 2521 1560 poterat?)
2560 1510 2695 1563 pur-

287 1584 296 1597 ·
440 1566 562 1619 atio¹
589 1572 794 1623 tamen
825 1559 1211 1628 perveniebat
1241 1558 1421 1612 simul
1450 1558 1523 1612 ad
1551 1575 1773 1613 omnes.
1843 1560 2008 1631 Ergo
2040 1559 2336 1629 particula
2368 1561 2694 1632 Propemo-

393 1583 537 1687 {um
575 1628 933 1684 tantundem
977 1629 1173 1697 valet,
1223 1645 1294 1682 ae
1328 1628 1378 1681 si
1403 1628 1683 1696 dixisset,
1706 1632 1709 1639 “
1733 1628 2293 1699 frequentissimum
2319 1628 2507 1684 huius
2537 1647 2693 1683 oere-

394 1700 637 1757 moniae
668 1714 833 1752 usum
862 1697 1083 1765 fuisse,
1121 1706 1191 1750 ut
1215 1715 1285 1750 ea
1308 1713 1448 1751 raro
1478 1696 1946 1759 abstines-‚entia
1972 1695 2454 1766 purgationibus.
2542 1701 2691 1752 Natu

397 1764 555 1844 quod
593 1771 1051 1835 chrysostomus
1090 1766 1173 1818 im
1222 1766 1618 1836 ropri'etatem
1652 1764 1738 1819 ita
1779 1766 1975 1819 notari
2015 1764 2215 1836 putat,
2278 1767 2422 1836 quia
2464 1768 2691 1837 figurae

395 1850 629 1894 tantum
665 1836 793 1890 illio
836 1834 1097 1903 fuerint,
1157 1853 1189 1886 a
1215 1835 1418 1888 ienum
1451 1843 1540 1886 est
1567 1851 1600 1886 a
1629 1844 1832 1887 mente
1860 1834 2147 1904 Apostoli.
2301 1836 2447 1887 Non
2480 1840 2574 1905 fit
2615 1856 2692 1888 re-

398 1910 621 1961 missio.
698 1906 844 1957 Hoc*
868 1904 1044 1957 modo
1083 1904 1372 1972 prohibiti
1412 1913 1552 1957 sunt
1588 1903 1856 1959 homines
1892 1921 1926 1956 a
1966 1904 2084 1956 Dei
2123 1914 2493 1972 conspectu,
2544 1907 2689 1976 quia,

397 1995 531 2037 cum
555 1975 682 2028 illis
707 1974 979 2026 omnibus
1004 1972 1135 2026 iure
1164 1972 1437 2024 infensus
1457 1973 1565 2039 sit,
1614 1990 1733 2025 non
1763 1982 1886 2041 est,
1944 1990 2054 2026 cur
2079 1972 2264 2025 ullam
2291 1972 2407 2026 sibi
2440 1975 2688 2043 gratiam

396 2065 430 2100 a
478 2046 552 2109 ud
591 2061 728 2099 eum
765 2041 1157 2111 promittant,
1209 2041 1398 2093 donec
1442 2041 1712 2109 placatus
1756 2041 1965 2095 fuerit.
2056 2043 2241 2094 Porro
2272 2058 2391 2095 una
2417 2053 2516 2096 est
2544 2044 2679 2097 ratio

396 2063 675 2185 placandi
702 2129 810 2182 per
834 2110 1146 2181 sanguinis
1173 2110 1602 2178 erpiationem:
1639 2111 1890 2179 proinde
1915 2111 2078 2163 nulla
2104 2120 2506 2180 peccatorum
2530 2112 2681 2169 venia

336 2217 342 2227 =
396 2183 684 2253 speranda
712 2190 801 2233 est
827 2179 941 2234 nisi
966 2176 1313 2248 sanguinem
1339 2178 1683 2245 afferamus-⁷
1765 2179 1898 2233 Hoc
1929 2179 2030 2248 fit,
2080 2179 2222 2233 dum
2253 2179 2374 2233 fide
2408 2181 2686 2251 confugi-

333 2296 338 2301 ,
400 2269 534 2306 mus
566 2251 640 2303 ad
673 2248 892 2303 Christi
924 2258 1195 2315 mortem.
2134 2280 2139 2283 ,

531 2370 618 2424 23.
689 2369 983 2437 Exempla·
1019 2384 1232 2420 eorum.
1312 2368 1405 2419 Ne
1434 2366 1564 2437 quis
1594 2368 1922 2436 obiiceret,
1975 2370 2158 2424 alium
2184 2369 2370 2422 fuisse
2398 2387 2594 2440 quam
2616 2380 2695 2423 te·

399 2438 639 2497 statoris
680 2438 1090 2507 sanguinem„
1117 2454 1233 2506 quo
1265 2438 1446 2489 Vetus
1474 2441 1921 2503 Testamentum
1952 2439 2291 2493 dedicatum
2326 2438 2488 2493 fuit:
2543 2440 2696 2492 anti·

399 2513 561 2580 oipat
589 2509 905 2579 Apostolus
903 2544 939 2580 j
990 2524 1060 2557 ac
1091 2507 1232 2557 dicit
1256 2523 1372 2557 non
1406 2523 1532 2559 esse
1559 2506 1812 2573 mirum,
1865 2507 1914 2560 si
1943 2505 2240 2576 pecudum
2267 2507 2536 2561 victimis
2565 2524 2699 2561 eou-

397 2589 695 2635 seeratum
722 2576 908 2628 fuerit
932 2575 1378 2627 tabernaculum
1406 2573 1556 2627 illud
1577 2615 1593 2643 ,
1634 2577 1795 2645 quod
1822 2585 2110 2629 terrestre
2143 2586 2302 2641 erat3
2356 2579 2700 2649 analogiam

397 2652 554 2703 enim
582 2664 651 2699 ao
678 2645 1134 2697 similitudinem
1164 2642 1348 2694 fuisse
1372 2642 1530 2696 inter
1551 2644 1965 2714 purgationem
2004 2657 2064 2699 et
2098 2663 2195 2699 res
2235 2657 2580 2716 purgatam·
2635 2653 2702 2698 At

398 2718 659 2774 eoeleste
698 2714 892 2779 istud,
919 2714 1012 2768 ,de
1056 2727 1173 2791 quo
1217 2711 1492 2777 disserit,
1543 2713 1842 2782 exemplar
1879 2714 2058 2784 longe
2102 2715 2214 2767 alio
2259 2714 2442 2767 modo
2494 2733 2705 2769 conse·

397 2786 559 2841 erari
602 2783 970 2852 oportuisse3
1028 2781 1131 2832 hio
1173 2781 1371 2845 locum
1414 2798 1535 2834 non
1578 2782 1801 2834 habere·
1840 2781 2057 2836 hircos.
2086 2793 2189 2840 aut
2226 2781 2495 2837 vitulos:
2545 2785 2705 2837 unde
2784 2797 2785 2800 ’

398 2853 697 2925 sequitur,
735 2849 1041 2903 testatoris
1074 2859 1331 2901 mortem
1356 2867 1481 2903 esse
1509 2851 1926 2904 necessariam.
2012 2853 2124 2905 Hic
2153 2869 2297 2920 ergo
2323 2869 2545 2906 sensus
2581 2863 2705 2906 est:

387 2926 601 3005 Quum
619 2922 682 2971 in
716 2921 877 2988 Lege
900 2923 1213 2971 terrestres
1244 2918 1529 2971 duntaxat
1557 2936 1760 2973 rerum
1790 2919 2208 2988 spiritualium
2232 2920 2547 2989 imagines
2577 2924 2709 2975 fue·

396 3001 557 3059 rint,
603 2989 885 3058 expiandi
926 3003 1163 3057 quoque
1205 2986 1356 3052 ritus
1397 2988 1652 3040 carnalis
1697 2997 1760 3039 et
1788 2989 2147 3059 figurativus
2189 2994 2285 3056 (ut
2322 2988 2410 3054 isa
2454 2991 2708 3059 loquar)

394 3062 533 3116 fuit.
605 3064 678 3110 At
707 3073 887 3126 quum
915 3056 1173 3108 eoeleste
1205 3057 1509 3124 exemplar
1530 3056 1682 3109 nihil
1708 3065 2025 3123 terrenum*
2040 3058 2331 3125 admittit,
2369 3057 2572 3112 alium
2604 3078 2709 3129 po-

395 3129 582 3185 stulat
611 3143 791 3197 quam
821 3124 1114 3193 pecudum
1140 3125 1529 3192 sanguinem,
1579 3125 1679 3195 qui
1707 3125 1834 3179 eius
1863 3128 2224 3197 respondeat
2251 3128 2708 3196 praestantiae:

394 3199 487 3252 sio
529 3212 694 3252 mors
733 3194 1040 3247 testatoris
1081 3192 1451 3262 flagitatur,
1488 3202 1555 3246 ut
1596 3210 1732 3246 vera
1764 3194 1877 3246 fiat
1916 3196 2252 3249 testamenti
2292 3200 2710 3252 consecratio.

400 3267 689 3320 Caelestia
715 3271 895 3315 vocat
922 3277 1174 3331 regnum
1200 3262 1462 3326 Christi,
1501 3263 1658 3332 quod
1684 3262 1999 3331 spirituale
2029 3276 2149 3334 est,
2188 3264 2576 3336 solidamque
2607 3267 2714 3318 ha·

394 3338 500 3391 bet
526 3332 789 3387 veritatis
819 3330 1278 3393 revelationem3
1326 3334 1586 3399 potiores
1612 3332 1885 3383 victimas
1911 3349 2020 3401 pro
2048 3333 2331 3396 victima,
2386 3336 2543 3402 quia
2572 3344 2712 3387 tan·
2784 3365 2785 3390 1

395 3416 524 3459 tum
571 3419 691 3458 una
737 3409 865 3465 est3
930 3401 1031 3453 sed
1079 3409 1333 3472 propter
1383 3398 1705 3453 antithesin
1751 3399 1974 3470 plurali
2020 3417 2270 3458 numero
2311 3401 2516 3456 libere
2562 3405 2712 3458 abu·
2784 3421 2785 3428 ¹

398 3490 504 3529 ⁸118
531 3481 644 3528 eet.

566 3647 681 3711 24.·
705 3641 953 3726 Neque
982 3642 1161 3706 enim
1191 3642 1263 3704 in
1293 3638 1674 3706 manufacta
1698 3654 1934 3708 sancta
1963 3646 2308 3745 ingressus
2339 3656 2450 3709 est
2488 3643 2713 3711 Chri-

264 3817 274 3824 ,
319 3733 324 3736 ’
396 3743 579 3805 stu8‚
634 3724 942 3813 exempla
968 3746 1323 3807 verorum3
1380 3725 1599 3789 sedin
1625 3729 1849 3812 ipsum
1883 3727 2185 3806 coelum,
2236 3738 2546 3794 utnune
2579 3750 2713 3816 ap-

394 3825 629 3900 pareat
675 3820 899 3876 coram
940 3808 1114 3873 facie
1140 3810 1268 3873 Dei
1310 3808 1441 3895 p'ro
1482 3810 1719 3889 nobis,
1816 3815 1919 3877 25.
1966 3812 2206 3895 Neque
2235 3823 2312 3875 ut
2340 3833 2560 3901 saepe
2595 3814 2717 3877 of·-

393 3900 569 3963 ferat
597 3918 668 3962 se
691 3901 959 3981 ipsum,
1003 3894 1570 3979 quemadmodum
1599 3894 1928 3961 Pontifex
1949 3898 2335 3980 ingreditur
2356 3901 2431 3967 in
2467 3914 2715 3968 sancta

395 3983 756 4069 quotannis
786 4001 937 4043 cum
966 3984 1290 4063 sanguine
1316 3978 1573 4061 alien03
1672 3985 1778 4044 26.
1840 3971 2438 4067 (Quandoquidem
2482 4004 2716 4070 opor.

2784 4043 2787 4058 l

394 4061 646 4136 tuisset
675 4063 871 4127 illum
897 4066 1182 4149 ,saepius
1220 4068 1362 4210 fati
1401 4084 1440 4127 a
1481 4069 1823 4131 creatione
1853 4065 2115 4147 mundi)
2156 4087 2338 4129 nuno
2366 4079 2620 4132 autem
2646 4074 2715 4133 in
2784 4067 2785 4070 ’

396 4151 977 4217 consummatione
1001 4167 1219 4220 ,saecu
1252 4168 1450 4211 orum
1482 4148 1705 4213 semel
1744 4154 1817 4213 in
1848 4150 2395 4215 destructionem
2422 4156 2714 4239 peccati

392 4255 520 4323 per
558 4235 900 4315 victimam
942 4234 1046 4294 sui
1084 4236 1299 4319 ipsius
1342 4252 1378 4295 a
1430 4237 1681 4331 paruit3
1777 4237 1881 4297 27.
1942 4234 2032 4297 Et
2061 4245 2396 4319 quatenus
2425 4242 2717 4302 consti-

391 4334 615 4385 tutum
644 4330 746 4382 est
772 4316 1161 4402 hominibus
1191 4337 1371 4381 seme
1429 4320 1638 4400 mori3
1691 4319 1858 4406 post
1898 4318 2030 4383 hoo
2070 4338 2277 4398 vero„
2326 4321 2716 4402 iudicium3

393 4407 494 4470 28.
535 4404 639 4476 lta
666 4414 736 4468 et
757 4396 1079 4472 *Christus
1110 4398 1319 4472 semel
1346 4401 1653 4481 oblatus,
1694 4414 1773 4470 ut
1798 4400 2164 4498 multorum
2193 4402 2513 4474 auferret
2538 4428 2716 4496 pee-

1726 4619 1739 4648 ἱ
