2820 4895
708 303 846 370 au
913 286 1453 369 Erneslos
1524 301 1684 371 cir.
1730 306 1845 373 111.
1932 294 1944 308 '
2335 318 2418 380 35

169 474 377 545 teigne
411 488 538 527 rem
577 472 843 527 denotat=
896 482 1016 525 non
1061 472 1218 542 quod
1258 473 1445 525 oratio
1489 488 1720 543 semper
1741 474 2004 546 requirat
2027 488 2179 548 genu
2205 477 2411 533 flexio·
2464 528 2477 542 ,

113 584 117 599 .
167 562 307 598 nem:
351 548 445 596 sed
492 545 762 615 quoniam
803 543 917 597 hoc
954 544 1315 601 reverentiae
1355 544 1585 613 signum
1628 549 2017 601 communiter
2052 547 2411 624 adhibeatur,

166 617 477 685 praesertim
513 610 605 665 ubi
632 630 747 667 non
780 613 1178 682 perfunctoria
1208 616 1420 679 estred
1447 615 1602 667 seria
1633 618 1843 672 oratio.
1881 672 1890 679 ,

285 687 360 738 15.
420 683 518 739 Ex
553 703 658 751 quo
703 686 887 737 omnis
923 685 1202 751 cognatio.
1272 682 1601 738 Relativum
1642 684 1738 737 Ex
1777 705 1887 755 quo
1923 695 2044 739 tam
2084 688 2145 739 in
2177 689 2424 745 Patrem

165 770 313 822 qnam
348 754 404 805 in
433 753 635 806 Filium
672 762 854 823 potest
895 761 1242 823 competere.
1289 769 1410 805 uon
1431 755 1666 822 placet,
1714 758 1868 824 quod
1898 758 2176 810 Erasmus
2206 758 2281 812 ad
2302 762 2411 814 Pa-

166 833 291 877 trem
325 825 664 875 nominatim
702 822 1023 894 restringit.
1105 823 1309 892 Neque
1338 825 1493 876 enim
1523 824 1780 877 tollenda
1813 837 1939 879 erat
1964 827 2198 881 libertas
2229 831 2462 883 lecto-v·

167 895 328 961 ribus,
375 901 494 945 imo
541 893 722 946 altera
763 895 1046 962 expositio
1075 889 1250 961 longe
1284 902 1368 944 est
1399 894 1780 962 probabilior.
1853 899 2004 950 Nam
2032 893 2236 954 alludit
2263 904 2412 970 Apo..

169 965 312 1015 stolus
336 968 402 1015 ad
432 982 558 1015 eam
592 964 1022 1033 cognationem,
1053 979 1201 1031 quae
1229 963 1459 1016 Iudaeis
1489 974 1615 1016 erat
1644 967 1801 1016 inter
1821 983 1902 1034 se,
1942 968 2016 1019 ob
2041 964 2409 1024 communem

167 1046 355 1104 putrem
381 1033 674 1087 Abraham
693 1070 709 1099 ‚
746 1033 847 1102 qui
875 1044 1000 1085 erat
1027 1033 1265 1085 initium
1287 1035 1535 1102 generis.
1608 1034 1696 1087 Ex
1718 1035 1958 1090 adverso
1986 1048 2182 1092 autem
2200 1076 2218 1107 ,
2267 1044 2406 1095 dum

170 1106 337 1157 tollere
373 1105 499 1156 vult
538 1103 848 1155 discrimen
887 1105 1042 1156 inter
1079 1101 1324 1156 Iudaeos
1360 1113 1421 1155 et
1448 1106 1696 1170 Gentes,
1747 1106 1924 1176 dicit,
1981 1116 2094 1160 non
2138 1109 2410 1165 homine·

177 1174 316 1226 tolum
348 1172 647 1227 universos
682 1174 742 1225 in
784 1191 959 1226 unam
1000 1173 1286 1226 familiam
1321 1191 1614 1246 unumque
1651 1191 1832 1244 genus
1859 1194 1964 1245 per
1990 1178 2284 1246 Christum
2315 1199 2406 1235 re·

184 1245 326 1297 dactus
357 1263 480 1299 esse
504 1263 520 1298 t
554 1245 915 1312 sedAngelis
945 1245 1124 1296 etiam
1147 1243 1339 1296 factos
1367 1262 1490 1316 esse
1518 1245 1893 1300 contribules.
1968 1249 2155 1320 Siquis
2183 1252 2252 1303 de
2280 1255 2408 1322 ipso

182 1315 268 1367 Deo
285 1318 729 1382 interpretatur,
779 1331 897 1366 non
924 1315 1004 1366 ita
1039 1315 1349 1365 conveniet
1368 1351 1386 1382 ,
1434 1313 1716 1384 siquidem
1744 1318 1803 1367 in
1828 1328 2100 1388 promptu
2133 1330 2282 1373 esset
2310 1338 2408 1374 ex-

178 1386 348 1454 ceptio,
393 1389 586 1439 Deum
627 1385 801 1450 olim,
843 1385 1174 1455 praeteritis
1208 1384 1534 1451 Gentibus,
1584 1387 1826 1438 Iudaeos
1868 1387 1981 1439 sibi
2019 1389 2083 1441 in
2123 1392 2408 1460 populum

171 1459 477 1523 peculiarem
518 1456 836 1523 adoptasse.
885 1457 985 1507 sed
1022 1470 1202 1525 quum
1244 1454 1317 1507 ad
1347 1453 1647 1508 Christum
1691 1459 1947 1523 venitur,
1994 1457 2130 1511 tun'c
2157 1460 2224 1512 fit
2252 1463 2407 1533 quod

168 1528 332 1579 Paulus
361 1528 555 1580 docet.
628 1527 854 1578 Coeunt
884 1527 1039 1577 enim
1066 1536 1125 1577 et
1150 1524 1485 1578 coalescunt
1514 1538 1715 1577 omnes
1743 1529 1802 1578 in
1835 1543 2010 1589 unam
2033 1531 2263 1593 domum
2282 1570 2298 1599 ,
2339 1541 2407 1584 ut

166 1597 247 1649 sub
282 1615 386 1649 uno
427 1598 558 1651 Deo
598 1597 772 1647 Patre
806 1596 929 1651 sint.
961 1597 1211 1648 invicem
1251 1594 1486 1650 fratres.
1533 1596 1926 1665 intelligamus
1968 1615 2134 1671 ergo,
2192 1602 2406 1655 Christi

165 1669 393 1736 auspiciis
431 1668 851 1737 cognationem
892 1667 1050 1718 inter
1087 1665 1329 1718 ludaeos
1369 1675 1426 1716 et
1469 1665 1686 1718 Gentes
1726 1677 2017 1719 sacratam
2062 1687 2216 1722 esse:
2267 1674 2407 1742 ‘quia

164 1753 244 1788 uos
262 1740 643 1790 reconcilians
667 1736 860 1802 Patri,
898 1752 1079 1788 unum
1108 1736 1279 1787 simul
1312 1751 1514 1788 omnes
1546 1737 1773 1789 fecerit.
1845 1734 1975 1790 No'n
1998 1748 2084 1790 est
2112 1758 2247 1810 ergo
2277 1761 2406 1796 am·

161 1807 310 1877 plius,
340 1804 496 1880 'quod
526 1806 846 1875 glorientur
872 1809 1103 1872 Iudaei,
1142 1815 1242 1856 aut
1268 1807 1544 1875 progenie
1570 1806 1866 1873 Abrahae,
1918 1818 2019 1860 aut
2045 1807 2158 1862 hac
2187 1812 2274 1863 vel
2302 1814 2404 1866 illa

161 1880 311 1946 tribu,
351 1896 461 1949 quo
495 1878 823 1944 despiciant
850 1877 1101 1947 reliquos
1124 1884 1408 1947 *tanquam
1437 1877 1749 1944 profanos,
1801 1876 1910 1928 sibi
1947 1874 2399 1934 honorem'san-

161 1949 223 1999 cti
244 1950 424 2018 populi
451 1948 773 2002 vindicent.
821 1963 937 1999 una
969 1949 1123 1999 enim
1153 1955 1240 1997 est
1271 1945 1540 2015 cognatio
1568 1948 1959 2018 aestimanda,
1995 1957 2118 2002 tam
2144 1952 2206 2002 in
2240 1955 2403 2005 coelo

161 2036 299 2087 qnam
326 2036 498 2088 super
526 2027 780 2083 terram,
828 2026 951 2070 tam
977 2018 1133 2070 inter
1160 2016 1404 2086 Angelos
1438 2033 1611 2086 quam
1645 2015 1942 2071 homines:
1995 2037 2203 2088 nempe
2240 2025 2286 2074 si
2331 2024 2402 2075 ad

162 2088 341 2141 Christi
384 2106 595 2158 corpus
631 2089 1009 2157 pertinemus.
1092 2087 1242 2138 Nam
1288 2098 1449 2137 extra
1491 2089 1677 2155 ipsum
1720 2086 1866 2138 riihil
1902 2105 2071 2156 quam
2101 2082 2402 2161 dissipatio
2437 2132 2442 2137 -

161 2161 479 2229 reperietur}
518 2160 643 2226 ipse
671 2167 868 2209 autem
899 2159 1051 2211 solus
1079 2156 1372 2209 vinculum
1402 2166 1492 2208 est
1520 2166 1752 2208 nostrae
1777 2158 2186 2227 colligationis.

274 2231 349 2284 16.
414 2226 500 2282 'Ut
544 2233 638 2280 det
676 2230 843 2279 vobis.
932 2227 1114 2296 Optat
1140 2227 1351 2278 Paulus
1379 2227 1647 2280 roborari
1675 2227 1983 2296 Ephesios,
2039 2231 2246 2301 quibus
2285 2246 2402 2284 non

160 2296 413 2366 vulgarem
448 2297 687 2367 pietatis
725 2296 956 2348 laudem
991 2307 1126 2348 ante
1156 2297 1463 2348 tribuerat.
1518 2298 1618 2350 sed
1644 2314 1942 2365 nunquam
1969 2317 2035 2350 eo
2067 2317 2244 2370 usque
2270 2318 2400 2369 pro·

162 2375 311 2436 gressi
347 2379 481 2420 sunt
519 2368 753 2437 fideles,
805 2368 941 2436 quin
975 2366 1166 2418 adhuc
1197 2367 1569 2418 crescendum
1598 2367 1693 2420 sit.
1766 2368 2000 2420 Summa
2037 2369 2234 2440 itaque
2276 2372 2399 2438 pio·

159 2455 262 2491 rum
285 2442 339 2493 in
367 2439 482 2492 hac
512 2441 635 2491 vita
661 2437 942 2507 perfectio
971 2447 1057 2491 est
1086 2437 1433 2507 proficiendi
1460 2436 1724 2491 studium.
1778 2437 2053 2498 eiusmodi
2094 2441 2404 2495 confirma-

159 2512 344 2561 tionem
387 2519 641 2574 testatur
683 2525 823 2578 opus
870 2524 990 2561 esse
1024 2509 1302 2576 Spiritus:
1349 2508 1506 2562 unde
1543 2509 1831 2577 sequitur,
1879 2515 1996 2560 non
2026 2528 2146 2564 esse
2177 2526 2402 2580 empto·

160 2581 260 2647 pria
280 2581 582 2633 hominum
610 2579 913 2650 facultate.
987 2580 1139 2632 Nam
1171 2581 1320 2631 sicut
1349 2596 1382 2630 a
1414 2578 1630 2645 Spiritu
1656 2580 1764 2630 Dei
1793 2587 1877 2628 est
1903 2582 2091 2634 omnis
2118 2582 2258 2634 boni
2290 2582 2405 2634 ini·

158 2651 307 2717 tium,
353 2654 433 2703 ita
475 2653 537 2703 et
570 2651 961 2724 incrementa:
1018 2649 1226 2700 deinde
1267 2660 1565 2715 acceptam
1606 2647 1721 2699 fert
1762 2649 1874 2700 Dei
1912 2653 2167 2718 gratiae,
2223 2667 2403 2722 quum

164 2723 320 2773 utitur
355 2723 534 2774 verbo
571 2718 1069 2788 Donandi.'quod
1109 2718 1349 2772 minime
1388 2719 1705 2770 admittunt
1744 2718 2044 2788 Papistae,
2098 2733 2274 2792 quum
2318 2722 2400 2773 di·
2441 2722 2452 2728 ’

162 2783 302 2857 tuuf,
351 2791 639 2845 secundas
681 2788 900 2860 gratias
940 2789 1106 2841 nobis
1144 2788 1421 2839 retribui:
1476 2797 1645 2856 prout
1712 2789 1912 2859 uisque
1938 2790 2180 2844 meritus
2207 2791 2404 2857 fuerit,

160 2861 315 2927 prima
354 2864 548 2931 gratia
589 2862 735 2912 bene
772 2859 1010 2913 utendo.
1081 2858 1202 2911 Nos
1232 2876 1365 2910 vero
1391 2873 1532 2913 ,cum
1559 2855 1679 2910 Pau
1707 2873 1739 2907 ο
1774 2874 2158 2924 agnoscamus
2186 2862 2401 2914 donum

162 2946 260 2983 esse
282 2934 506 2999 gratiae
537 2931 680 2996 Dei,
732 2946 850 2981 non
876 2937 1098 2981 tantum
1121 2929 1273 2999 quod
1302 2929 1598 2995 coepimus
1628 2929 1775 2979 bene
1805 2944 2070 2997 currere,
2121 2933 2220 2983 sed
2252 2932 2406 3001 quod
2453 2975 2460 2978 .

159 3004 563 3069 progredimur:
616 3016 733 3052 non
761 3009 991 3051 tantum
1016 2999 1171 3068 quod
1199 3000 1386 3050 renati
1424 3013 1648 3063 sumus,
1685 2997 1786 3047 sed
1829 2999 1982 3066 quod
2020 3000 2081 3052 in
2122 3001 2243 3052 dies
2280 3017 2407 3054 ma-

160 3071 227 3137 gis
247 3088 537 3139 augemur.
623 3073 696 3123 Et
723 3086 835 3139 quo
864 3070 1119 3136 apertius
1143 3069 1255 3120 Dei
1281 3068 1536 3136 gratiam
1565 3075 1815 3128 asserat,
1869 3069 2036 3128 dicit:
2081 3071 2405 3124 Secundum

160 3142 352 3194 divitias
375 3143 599 3207 gloriae
618 3157 776 3193 suae.
817 3139 969 3209 quod
999 3139 1270 3191 bifariam
1296 3145 1487 3206 potest
1518 3138 1760 3205 exponi,
1802 3138 1917 3191 vel:
1961 3139 2293 3200 Secundum
2321 3141 2406 3206 di·

161 3210 302 3261 vitias
337 3229 464 3264 suas
499 3208 812 3281 gloriosas,
859 3218 920 3260 ut
961 3211 1239 3277 genitivus
1279 3209 1466 3260 valeat
1503 3204 1859 3274 epithetum,
1903 3211 2008 3275 pro
2036 3225 2142 3260 usu
2172 3209 2406 3278 linguae

162 3276 488 3348 Hebraicae,
554 3280 673 3333 vel:
742 3279 1068 3331 Secundum
1120 3278 1366 3347 gloriam
1416 3291 1576 3330 suam
1613 3276 1946 3344 opulentam
1987 3286 2046 3329 et
2086 3282 2403 3348 copiosam.

162 3349 232 3400 Ita
252 3367 449 3403 nomen
483 3349 727 3402 Gloriae
748 3347 1271 3417 promisericordia
1302 3347 1558 3417 positum
1585 3348 1729 3400 erit:
1781 3348 2264 3415 quemadmodum
2309 3367 2406 3403 ca-

162 3419 260 3483 pite
285 3425 341 3485 1,
359 3423 445 3474 6s=
497 3420 597 3472 hic
624 3420 908 3472 secundus
933 3435 1129 3471 sensus
1152 3420 1331 3488 magis
1354 3416 1591 3470 arridet.
1737 3413 1813 3467 In
1849 3418 2130 3470 hominem
2175 3421 2404 3476 interio-

164 3502 275 3540 rem.
339 3491 813 3543 Hom01interior
841 3489 1022 3542 Paulo
1067 3490 1319 3541 animam
1361 3486 1691 3558 significat,
1745 3492 1805 3533 et
1833 3487 2111 3555 quicquid
2140 3490 2211 3540 ad
2240 3490 2409 3557 spiri-

162 3558 339 3610 tualem
363 3563 598 3613 animae
621 3561 796 3611 vitam
828 3560 1103 3627 pertinet:
1151 3559 1304 3613 sicut
1329 3557 1621 3621 exterior,
1657 3570 1866 3621 corpus
1890 3573 2020 3608 cum
2045 3557 2160 3609 suis
2191 3574 2408 3625 appen-

164 3624 403 3699 dicibus,
426 3631 542 3681 hoc
572 3641 685 3695 est,
726 3631 979 3681 sanitate
1011 3629 1301 3698 corporis,
1335 3626 1686 3694 honoribus,
1726 3624 1961 3691 divitiis,
2003 3627 2410 3695 aetatis-flore,

164 3699 347 3763 gratia,
392 3710 449 3752 et
492 3701 770 3771 quicquid
811 3700 932 3751 tale
970 3708 1077 3766 est.
1159 3699 1468 3751 Secundae.
1493 3698 1568 3748 ad
1595 3693 1923 3748 Corinthios
1949 3697 2004 3759 4,
2036 3697 2156 3753 16.:
2211 3698 2273 3751 Si
2311 3714 2407 3750 ex·

164 3768 319 3818 terior
352 3770 531 3824 homo
567 3780 764 3822 noster
804 3769 1232 3838 corrumpitur,
1296 3768 1543 3822 interior
1584 3776 1895 3816 renovatur
1938 3765 2008 3816 de
2054 3767 2150 3820 die
2185 3767 2251 3818 in
2294 3768 2424 3824 die..

165 3828 257 3885 hoc
278 3849 381 3903 est,
433 3842 481 3894 si
508 3841 725 3893 mundo
755 3841 1045 3906 cadimus,
1082 3837 1197 3890 boc
1219 3839 1397 3906 facit,
1430 3846 1495 3890 ut
1515 3836 1703 3903 magis
1730 3852 1798 3886 ac
1822 3836 2004 3905 magis
2038 3837 2102 3888 in
2130 3837 2300 3889 nobis
2328 3838 2409 3890 vi·

166 3916 277 3969 gest
310 3911 623 3978 spiritualis
660 3912 791 3973 vita.
838 3912 1177 3979 ’Nouergo
1217 3909 1337 3961 vult
1376 3907 1585 3960 Paulus
1620 3905 1885 3956 roborari
1915 3917 2193 3972 :sanctos,
2238 3917 2305 3959 ut
2339 3907 2404 3959 in

168 3978 350 4028 mundo
374 3978 669 4033 excellant
693 3990 751 4032 et
776 3977 1063 4047 floreant,
1112 3979 1215 4032 sed
1241 3987 1308 4033 ut
1332 3978 1443 4033 Dei
1469 3975 1684 4040 virtute
1709 3973 1891 4027 fortes
1916 3977 2032 4027 sint
2049 3991 2255 4029 eorum
2286 3978 2410 4029 ani·

168 4055 305 4108 mae.
339 4049 493 4117 quod
520 4052 593 4102 ad
620 4065 859 4118 regnum
885 4050 1015 4102 Dei.
1390 4049 1395 4052 ’
2063 4089 2066 4092 Δ

286 4118 359 4173 17.
430 4122 507 4173 Ut
537 4122 809 4173 inhabitet
841 4120 1110 4172 Christus·
1180 4115 1489 4180 Declarat,
1530 4109 1699 4183 quale
1726 4111 1801 4162 sit
1827 4110 2120 4166 interioris
2155 4108 2411 4166 hominis

170 4179 335 4240 robur,
388 4206 525 4241 nam
564 4187 744 4257 ‘quum
781 4188 845 4240 in
883 4187 1113 4239 Christo
1150 4188 1326 4239 Pater
1364 4184 1624 4236 omnium
1668 4182 1949 4234 donorum
1985 4184 2410 4252 plenitudinem

170 4262 487 4319 reposuerit:
532 4260 630 4328 qui
659 4257 952 4312 Christum
982 4255 1163 4308 habet
1187 4258 1248 4309 in
1277 4274 1338 4308 se
1362 4263 1726 4323 manentem,
1768 4252 1822 4303 ei
1850 4251 1999 4304 nihil
2031 4254 2236 4327 deest..
2281 4254 2410 4305 Fal·
2445 4287 2454 4306 x

171 4316 335 4375 luntur
388 4346 523 4397 ergo
553 4366 569 4394 ,
653 4331 749 4399 qui
810 4328 984 4379 aliter
1037 4327 1314 4393 Spiritum
1367 4327 1480 4379 Dei
1530 4341 1589 4376 se
1642 4336 1809 4389 posse
1862 4322 2095 4390 adipisci
2152 4332 2409 4392 sperant,
2495 4333 2498 4338 '

174 4404 316 4456 qnam
356 4397 476 4449 dum
521 4398 715 4465 adepti
754 4408 889 4450 sunt
919 4396 1232 4449 Christum.
1287 4393 1773 4466 quemadmodum
1801 4405 1995 4443 rursus
2023 4393 2199 4446 stulta
2228 4403 2313 4446 est
2339 4409 2412 4446 ac

174 4473 504 4532 praepostera
553 4485 755 4556 eorum
802 4467 1197 4538 imaginatio,‘
1235 4465 1335 4537 qui
1378 4463 1674 4519 Christum
1708 4459 1930 4532 percipi
1969 4478 2003 4514 a
2041 4463 2207 4517 nobis
2244 4477 2411 4534 posu

1487 4525 1670 4599 με·
