2820 4895
318 203 445 306 1¹34„
580 233 585 240 ι
854 204 970 280 iu
1041 167 2054 296 ΕΡιέΤριΔεχνΔυω

322 370 443 440 cati
467 369 622 423 servi
654 387 884 426 sumunt
937 381 997 425 et
1030 372 1130 431 ubi
1160 382 1254 438 est
1276 383 1627 444 peccatum,
1679 372 1996 438 illicinter
2015 373 2219 427 -Deum
2250 382 2311 427 et
2335 372 2610 427 homines

323 438 656 491 inimicitia.
1314 477 1319 486 ,

222 509 229 524 ’
300 501 305 505 ’
460 503 549 570 22.
619 508 690 559 In
718 525 955 576 corpore
982 513 1183 563 carnis
1212 528 1387 564 suae..
1458 511 1759 580 Loqnutio
1788 509 1852 561 in
1883 509 2141 579 speciem
2171 510 2457 568 absurda:
2507 509 2613 562 sed
2685 497 2692 506 ”

326 573 574 694 ζει-ἰωὴ
602 575 761 628 valet
786 593 1001 645 corpus
1027 578 1221 648 carnis
1248 589 1430 649 atque
1460 595 1674 648 corpus
1704 577 2029 630 humanum
2049 618 2065 642 ,
2105 581 2262 650 quod
2297 580 2615 633 nobiscum

372 643 540 697 abuit
569 654 880 699 commune
908 646 1092 700 Filius
1117 649 1252 702 Dei.
1324 648 1676 717 Exprimere
1717 664 1860 716 ergo
1899 647 2087 700 voluit
2124 648 2370 701 eandem
2410 645 2615 706 nobis·

332 728 471 764 cum
523 723 799 766 naturam
842 714 1104 770 induisse
1155 713 1378 770 Filium
1427 715 1576 782 Dei,
1635 716 1751 767 hoc
1805 716 2049 784 inquam
2097 716 2358 785 humile,
2421 725 2618 766 terre-

228 789 237 798 ·
330 796 509 847 num,
572 789 635 832 et
672 781 1124 838 infirmitatibus
1163 781 1366 838 multis
1407 783 1733 836 obnoxium
1775 793 2324 852 corpus'gestasse,
2376 791 2442 835 ut
2485 785 2618 834 Me·

332 849 530 901 diator
553 858 762 904 noster
788 860 973 904 esset.
1040 856 1237 924 Quum
1268 854 1432 905 addit
1461 856 1571 905 Per
1598 866 1891 914 mortem,-
1913 852 2137 904 iterum
2173 871 2279 905 nos
2316 853 2394 904 ad·
2422 851 2617 904 sacri-

331 916 535 970 ficium
581 928 840 971 revocat.
927 920 1144 975 Filium
1185 925 1339 974 enim
1365 921 1479 976 Dei
1517 922 1810 972 hominem
1844 919 1972 972 fieri
2012 921 2279 989 oportuit
2317 932 2377 972 et
2418 921 2617 986 carnis

332 988 570 1039 nostrae
611 987 995 1056 participem,
1042 1000 1108 1043 ut
1131 991 1317 1043 frater
1342 998 1551 1044 noster
1580 999 1768 1043 esset:
1822 989 2117 1041 victimam
2140 987 2272 1042 fieri
2301 990 2617 1048 moriendo

309 1053 635 1124 -oportuit,
674 1066 740 1108 ut
770 1058 1003 1110 Patrem
1034 1059 1211 1112 nobis
1240 1060 1526 1126 placaret.
1676 1060 1751 1110 Ut
1784 1060 2012 1109 sisteret
2051 1076 2153 1109 vos
2186 1074 2442 1110 sanctos.
2517 1058 2622 1107 Se-

337 1124 532 1176 cund’a
571 1141 708 1193 pars
732 1127 1073 1195 ‚praecipua
1113 1129 1323 1180 salutis
1367 1138 1636 1194 nostrae,
1684 1127 1840 1179 vitae
1875 1128 2108 1179 novitas
2141 1126 2392 1181 scilicet.
2461 1128 2623 1178 Nam

335 1191 426 1245 his
466 1192 693 1246 duobus
734 1197 1017 1249 membris
1054 1196 1372 1265 praecipue
1421 1208 1652 1248 constat
1691 1204 1886 1248 totum
1923 1197 2354 1263 redemptionis
2393 1194 2625 1247 benefi-
2709 1247 2714 1250 .

339 1259 527 1314 cium:
580 1272 963 1332 peccatorum
1004 1266 1382 1330 remissione,
1434 1275 1492 1317 et
1520 1263 1970 1333 regeneratione
2005 1264 2344 1333 spirituali,
2397 1267 2621 1319 Iex-em,

338 1325 431 1394 31,
454 1329 544 1384 33.
628 1331 758 1384 Hoc
795 1333 913 1385 ia'm
950 1335 1106 1402 quod
1141 1333 1322 1398 dixit,
1374 1350 1656 1401 magnum
1699 1343 1861 1396 erat,
1910 1333 2259 1405 acquisitam
2287 1331 2461 1384 nobis
2490 1349 2625 1384 esse
2717 1373 2724 1388 ,

337 1399 635 1451 iustitiam
662 1411 855 1454 morte
885 1402 1140 1484 Christi„
1187 1411 1256 1455 nt
1292 1402 1537 1455 abolitis
1577 1401 1841 1471 peccatis
1868 1403 1997 1454 Deo
2034 1395 2189 1471 g'rati
2230 1403 2452 1454 simus.¹
2504 1402 2627 1455 Sed

337 1484 496 1521 nunc
522 1467 684 1538 aliud
708 1471 992 1523 accedere
1019 1475 1205 1541 aeque
1241 1472 1613 1539 praeclarum
1646 1472 1859 1538 docet,
1907 1486 2121 1539 nempe
2151 1470 2397 1538 Spiritus
2428 1469 2628 1523 sancti

340 1533 757 1605 donationem,
807 1556 923 1608 qua
966 1541 1367 1594 reformamur
1406 1539 1481 1592 ad
1512 1539 1831 1609 imaginem
1860 1538 1993 1592 Dei.
2070 1535 2345 1591 Et'locus
2383 1548 2471 1589 est
2515 1540 2628 1590 ob·

339 1605 676 1660 servatione
717 1605 964 1676 dignus,
1012 1625 1132 1660 non
1170 1608 1434 1661 conferri
1474 1609 1642 1661 nobis
1724 1605 2010 1661 ratuitam
2037 1608 2323 1660 iustitiam
2353 1607 2415 1659 in
2445 1605 2631 1660 Chri·

341 1683 458 1739 eto,
498 1675 644 1742 quin
659 1675 886 1746 Spiritu
914 1677 1094 1730 etiam
1120 1681 1544 1747 regeneremur
1567 1677 1628 1729 in
1653 1694 1687 1729 o
1735 1677 2052 1728 edientiam
2078 1677 2374 1729 iustitiae:
2416 1681 2632 1745 quem-¹

340 1742 658 1798 admodum
702 1744 849 1797 alibi
904 1747 976 1810 (1.
1004 1747 1284 1800 Corinth.
1315 1750 1367 1814 1,
1394 1746 1512 1811 30.)
1551 1746 1759 1812 docet,
1827 1746 2134 1798 Christum
2184 1746 2345 1797 nobis
2390 1744 2629 1799 factum

341 1816 468 1880 ess-e
510 1812 794 1878 iustitiam
838 1824 898 1866 et
935 1815 1484 1869 sanctificationem.
1567 1814 1725 1886 Illud
1752 1815 2176 1885 consequimur
2205 1813 2629 1883 acceptatione

343 1879 604 1948 gratuita
624 1900 640 1933 z
692 1882 807 1934 h‘oc
834 1889 1032 1936 autem
1056 1884 1214 1937 dono
1246 1884 1504 1953 Spiritus
1536 1884 1722 1936 sancti
1742 1921 1759 1948 ,
1799 1884 1939 1951 dum
1968 1882 2106 1936 novi
2133 1882 2400 1935 homines
2428 1881 2633 1950 effici-

340 1965 495 2002 mur.
542 1949 854 2019 utriusque
889 1963 1089 2005 antem
1129 1954 1359 2024 gratiae
1395 1954 1735 2005 individuus
1772 1961 1861 2004 est
1890 1969 2104 2005 nexus.
2171 1954 2487 2004 Caeterum
2513 1968 2631 2003 no-

345 2026 540 2076 temus
569 2021 950 2074 sanctitatem
979 2022 1138 2075 hanc
1162 2023 1506 2076 inchoatam
1530 2038 1658 2074 esse
1691 2021 1754 2072 in
1782 2019 1954 2072 nobis
1977 2022 2284 2087 duntaxat,
2322 2018 2469 2072 etin
2491 2020 2629 2073 dies
2691 2009 2708 2030 '

340 2088 688 2155 progressus
711 2089 943 2142 facere:
980 2092 1080 2143 sed
1100 2108 1220 2143 non
1243 2091 1374 2145 fore
1396 2092 1743 2159 perfectam,
1770 2089 1958 2142 donec
1972 2089 2244 2141 Christus
2265 2089 2336 2139 ad
2359 2090 2632 2142 omnium

341 2157 840 2212 instaurationem
869 2160 1237 2227 apparuerit.
1309 2162 1466 2212 Nam
1493 2169 1806 2229 perperam
1835 2158 1982 2210 olim
2008 2157 2329 2210 Caelestini
2360 2167 2419 2212 et
2454 2156 2631 2208 Pela·

258 2287 261 2296 μ
324 2223 511 2292 sgiani
536 2225 656 2277 hoc
682 2225 818 2278 loco
851 2227 1273 2297 abutebantur,
1305 2238 1378 2282 ›ut
1401 2229 1785 2281 excluderent
1808 2227 2066 2298 gratiam
2092 2225 2458 2279 remissionis
2484 2243 2633 2294 pec-

344 2302 642 2346 catorum.
712 2296 1044 2365 Fingebant
1086 2298 1243 2352 enim
1276 2297 1715 2366 perfectionem
1751 2296 1815 2347 in
1855 2294 1970 2347 hoc
2012 2296 2271 2362 mundo,
2326 2311 2475 2365 quae
2507 2296 2632 2347 Dei

342 2359 569 2414 iudicio
607 2362 1017 2432 satisfaceret,
1070 2376 1137 2419 ut
1172 2383 1542 2437 supervacua
1582 2374 1738 2418 esset
1775 2364 2222 2417 misericordias
2280 2363 2496 2418 Paulus
2523 2380 2632 2416 au·

247 2438 249 2441 ⁴
344 2439 467 2483 tem
508 2449 878 2504 nequaquam
913 2433 1014 2495 hic
1040 2434 1248 2504 (locet,
1295 2435 1434 2506 quid
1466 2435 1528 2486 in
1562 2435 1680 2488 hoc
1712 2434 1933 2488 mundo
1963 2434 2318 2501 impleatur,
2360 2432 2460 2485 sed
2489 2432 2630 2503 quis

344 2499 483 2575 {inis
507 2503 581 2553 sit
607 2505 934 2557 vocationis
964 2516 1236 2571 nostrae,
1274 2515 1336 2557 et
1366 2521 1519 2574 quae
1548 2505 1701 2556 bena
1728 2504 1903 2556 nobis
1928 2522 1960 2557 a
1990 2500 2222 2555 Christo
2247 2502 2592 2555 afferantur.

451 2593 457 2599 ·
482 2568 569 2623 23.
642 2573 705 2623 Si
732 2575 961 2641 quidem
985 2575 1356 2641 permanetis.
1429 2573 1707 2625 Hortatio
1738 2574 1808 2625 ad
1836 2572 2350 2641 perseverantiam,
2389 2588 2502 2640 qua
2526 2572 2636 2624 ad-

345 2648 554 2690 monet
592 2637 835 2703 iri-itum
877 2642 1046 2710 fore,
1099 2640 1385 2713 quicquid
1421 2642 1711 2696 hactenus
1752 2642 1985 2712 gratiae
2009 2640 2130 2692 illis
2151 2641 2443 2697 ,collatum
2473 2649 2630 2706 erat,

315 2706 459 2776 <nisi
488 2718 768 2761 maneant
794 2709 854 2763 in
878 2709 1229 2764 sinceritate
1254 2711 1582 2781 Evangelii.
1656 2715 1846 2781 Atque
1866 2711 1952 2762 ita
1981 2709 2275 2780 significat
2303 2725 2404 2761 eos
2435 2709 2630 2762 adhuc

348 2792 475 2826 esse
503 2776 566 2828 in
594 2777 885 2846 profectu,
913 2780 1176 2833 nondum
1202 2789 1421 2834 metam
1448 2779 1736 2849 attigisse.
1785 2782 1933 2832 Nam
1956 2788 2098 2831 tunc
2121 2777 2356 2830 insidiis
2379 2779 2628 2847 pseudo·

348 2845 764 2911 apostolorum
790 2849 1247 2916 periclitabatur
1273 2849 1431 2919 apud
1455 2867 1558 2902 eos
1584 2848 1723 2900 fidei
1753 2848 2073 2901 stabilitas:
2112 2846 2626 2919 graphicemutem

348 2912 617 2983 depingit
656 2915 793 2968 fidei
838 2919 1286 2983 certitudinem,
1338 2935 1521 2989 quum
1556 2917 1617 2969 in
1655 2935 1723 2969 ea
1757 2917 1926 2970 iubet
1950 2917 2327 2969 Colossenses
2354 2916 2628 2968 fundatos

352 2998 477 3051 esse
507 2998 575 3036 ac
601 2985 862 3038 stabiles.
933 2989 1139 3056 Neque
1178 2987 1338 3041 enim
1380 2987 1594 3040 similis
1639 2995 1727 3038 est
1762 2986 1908 3039 fides
1947 2983 2309 3053 opinationi,
2347 3000 2499 3055 quae
2525 2997 2632 3036 va-

348 3051 455 3102 riis
489 3055 750 3106 motibus
778 3058 1072 3124 quatitur3
1111 3057 1212 3108 sed
1238 3057 1421 3109 habet
1446 3057 1679 3108 firmam
1704 3057 2134 3120 constantiam,
2172 3071 2323 3124 quae
2352 3053 2634 3105 omnibus

348 3118 682 3175 inferorum
709 3124 995 3181 machinis
1022 3125 1276 3178 resistat.
1348 3129 1558 3194 Itaque
1586 3135 1713 3176 tota
1739 3124 1972 3193 Papalis
2000 3123 2300 3192 theologia
2329 3139 2636 3190 nunquam

350 3190 444 3240 vel
476 3197 981 3272 tenuemgustum
1008 3200 1181 3245 ‘verae
1208 3193 1348 3247 fidei
1374 3195 1576 3262 dabit:
1608 3211 1759 3266 quae
1790 3209 1900 3260 pro
1930 3192 2225 3245 axiom'ate
2250 3192 2446 3255 habet,
2476 3208 2637 3244 sem·

282 3262 287 3266 ’
351 3273 457 3324 per
487 3274 611 3309 esse
637 3258 1027 3315 dubitandum
1053 3270 1175 3313 tam
1212 3261 1284 3328 de
1318 3265 1613 3329 praesenti
1644 3272 1802 3315 statu
1829 3261 2098 3328 gratiae,
2152 3278 2322 3333 quam
2355 3263 2426 3312 de
2458 3256 2637 3312 finali

349 3328 819 3447 {erseverantim
899 3329 1114 3385 Postea
1151 3331 1722 3384 etiam'relationem
1765 3339 1963 3397 notat,
2004 3347 2153 3398 quae
2186 3329 2330 3382 fidei
2367 3339 2457 3381 est
2493 3346 2638 3384 cum

407 3396 719 3463 vangelio„
767 3414 948 3466 quum
975 3398 1125 3449 dicit
1150 3404 1294 3450 tunc
1321 3400 1454 3453 fore
1478 3399 1719 3452 stabiles
1743 3400 1808 3450 in
1835 3399 1949 3451 fide
1981 3399 2387 3463 colossenses,
2437 3397 2483 3449 si
2510 3415 2639 3450 non

348 3462 792 3525 labefactentur
821 3484 853 3517 a
882 3483 986 3546 spe
1017 3466 1366 3535 Evangelii,
1418 3469 1531 3519 hoc
1556 3477 1680 3530 est,
1732 3486 1879 3538 quae
1909 3485 2018 3534 per
2049 3469 2437 3535 Evangelium
2462 3466 2654 3518 nohis'

353 3531 620 3601 affulget.
669 3551 808 3587 nam
835 3534 934 3586 ubi
967 3534 1392 3602 Evangelium,
1430 3536 1560 3589 illic
1600 3554 1756 3603 spes,
1780 3546 1866 3588 est
1906 3537 2114 3589 salutis
2149 3546 2447 3588 aeternae.
2522 3533 2640 3588 Sed

310 3611 315 3617 ’
349 3601 799 3656 meminerimus
819 3641 836 3670 ,
872 3621 1162 3659 summam
1193 3604 1456 3657 omnium
1490 3604 1552 3657 in
1578 3604 2173 3673 Christorcontineri.
2211 3606 2382 3659 “Ideo
2412 3604 2512 3655 hic
2542 3604 2639 3656 fn·

350 3672 513 3739 gere
533 3671 833 3725 doctrinas
877 3685 1078 3725 omnes
1120 3673 1461 3743 praecipit,
1513 3691 1663 3743 quae
1687 3692 1719 3728 a
1751 3674 1991 3726 Christo
2025 3675 2358 3739 abducunt,
2395 3683 2460 3724 ut
2488 3672 2638 3725 alibi

352 3747 722 3807 occupentur
751 3739 1058 3794 hominum
1085 3753 1333 3796 mentes.
1457 3741 1647 3810 ,Quod
1672 3744 1943 3795 audistis.
2019 3742 2172 3814 Quia
2194 3740 2498 3808 Evangelii
2527 3758 2641 3793 no-

350 3823 487 3882 men
527 3809 780 3873 superbe
823 3810 1001 3862 etiam
1039 3811 1263 3864 iactare
1297 3809 1494 3864 solent
1531 3810 2045 3880 pseudoapostoli,
2086 3810 2184 3881 qui
2217 3810 2520 3863 Christum
2543 3808 2642 3862 ‘la-
2694 3813 2712 3821 “

351 3884 659 3928 cerantet
695 3879 1116 3933 conscindunt:
1180 3889 1243 3930 et
1278 3880 1397 3932 hoc
1445 3880 1731 3933 usitatum
1772 3880 2020 3933 Satanae
2065 3879 2418 3946 artificium,
2479 3877 2637 3929 falso

350 3944 666 4012 Evangelii
708 3957 1018 4015 praetextu
1059 3949 1449 4001 conscientias
1486 3948 1764 4014 turbare,
1816 3957 1882 4002 ut
1922 3949 2174 4002 confusa
2210 3947 2290 4002 sit
2323 3946 2643 4013 Evangelii

352 4013 602 4066 veritas:
664 4013 799 4066 ideo
835 4016 1190 4069 nominatim
1227 4017 1443 4070 Paulus
1484 4019 1695 4069 asserit
1736 4018 1853 4069 hoc
1898 4018 2252 4086 genuinum,
2310 4016 2427 4071 hoc
2464 4017 2642 4069 indu·

350 4081 521 4138 bium
551 4099 675 4135 esse
702 4085 1091 4153 Evangelium
1121 4087 1624 4155 quodaudierant
1649 4085 2064 4156 colossenses,
2100 4087 2174 4139 ab
2206 4083 2642 4156 Epaphra,sci-

353 4151 533 4217 licet,
594 4168 671 4203 ne
709 4169 919 4207 aurum
959 4156 1314 4235 praeberent
1355 4155 1670 4209 contrariis
1715 4155 2025 4229 doctrinis.
2112 4149 2285 4213 Addit
2326 4162 2643 4223 praeterea

353 4219 902 4287 confirmationem,
953 4223 1105 4276 illud
1132 4220 1326 4292 ipsum
1358 4223 1517 4285 esse,
1557 4224 1711 4294 quod
1741 4241 1848 4292 per
1876 4234 2071 4278 totum
2099 4223 2306 4277 orbem
2332 4222 2641 4293 praedica·

350 4298 482 4341 tum
519 4286 616 4353 sit.
704 4292 842 4344 Non
884 4293 1185 4362 vulgaris,
1235 4292 1518 4362 inquam,
1566 4302 1654 4344 est
1698 4294 1809 4346 ista
1848 4291 2265 4357 confirmatio,
2318 4308 2498 4362 quum
2537 4306 2650 4342 au·-
2715 4337 2724 4341 -

349 4354 518 4411 dium
558 4366 619 4414 ss
655 4359 879 4415 hebere
922 4359 1325 4418 universalem
1354 4360 1687 4420 Ecclesiam
1725 4361 1837 4417 sibi
1877 4362 2379 4420 consentientem:
2431 4376 2548 4413 nec
2576 4373 2643 4412 so
