2820 4895
416 203 577 330 81οῗ
813 260 821 266 ’
986 261 1092 329 ΙΝ
1150 261 1764 331 EplsToLAB
1811 261 2142 334 PAULI

415 432 520 485 riis
560 439 806 515 certent.
875 431 1016 503 quid
1051 440 1249 489 autem
1284 433 1358 485 sit
1398 417 1694 503 possidere
1730 431 1957 489 animas
1995 433 2061 485 in
2096 395 2416 503 patientia,
2470 425 2673 485 discere

424 508 903 633 υοηὶῗηλιῦιεθηῗῖ,
949 570 1051 638 qui
1079 531 1320 625 militat.
1389 572 1618 653 Perstat
1639 570 1705 624 in
1731 568 2146 637 similitudine,
2190 586 2366 655 quam
2408 586 2445 653 ἢ
2490 570 2680 652 militi-a

427 639 2542 780 ffhzttffisszstssffl·2333&ssss.¹:'.‘¹:1¹:::¹:’.s.„2²2‘5022323'mffl.
2557 640 2681 760 ‘2¹:21

427 778 719 847 spirituali
748 786 805 829 et
827 776 1190 843 Christiana,
1239 776 1354 830 hoc
1391 795 1595 833 sensus
1650 780 1736 833 Ea
1768 788 1856 831 est
1876 779 2216 849 disciplinae
2242 775 2509 832 militaris
2535 780 2682 842 ratio,

428 857 519 915 ut,
550 848 897 917 simulatque
924 846 1088 899 miles
1112 846 1455 914 imperatori
1483 866 1696 902 nomen
1728 848 1904 913 dedit,
1943 849 2149 902 relicta
2178 850 2352 903 domo
2382 857 2442 901 et
2466 848 2685 918 negotiis

326 934 359 994 J
431 918 730 982 omnibus,
783 933 900 968 non
931 917 1045 968 nisi
1077 916 1149 968 de
1172 916 1324 969 bello
1354 919 1601 988 cogitet,
1651 921 1738 972 ita
1765 928 1831 971 ut
1862 918 2093 972 Christo
2119 921 2347 990 penitus
2375 920 2587 972 addicti
2619 919 2685 970 si-

428 1004 579 1054 mus,
606 987 874 1040 omnibus
899 986 1069 1040 huius
1091 988 1315 1046 saeculi
1331 988 1765 1057 impedimentis
1793 989 2005 1043 solutos
2030 1007 2152 1043 esse
2175 998 2428 1059 oportet.
2481 991 2587 1041 Per
2607 1006 2686 1040 ns·

429 1059 596 1124 gotia
635 1060 791 1110 vitae
828 1057 1103 1126 intelligit
1141 1057 1399 1110 familiae
1430 1059 1919 1112 administrandae
1947 1076 2149 1114 curam
2173 1070 2232 1112 et
2266 1060 2581 1118 ordinarias
2607 1073 2684 1111 oc·

429 1127 789 1194 cupationea.
859 1137 924 1179 ut
954 1126 1369 1195 agriculturam
1406 1146 1574 1181 suam
1611 1130 1851 1197 rustici,
1900 1140 2257 1182 mercatores
2281 1146 2387 1182 sua
2422 1144 2685 1182 commer-

429 1197 522 1248 cia
550 1197 934 1267 tabernasque
962 1196 1268 1263 deserunt,
1323 1199 1507 1250 donec
1537 1199 1835 1269 stipendiis
1862 1201 1981 1251 suis'
2008 1200 2478 1271 sintperfuncti.
2545 1200 2687 1252 Nunc
2725 1219 2730 1222 Α

428 1267 777 1335 applicanda
819 1276 905 1318 est
943 1270 1302 1334 comparatio
1337 1266 1413 1320 ad
1448 1286 1573 1321 rem
1610 1278 2006 1339 praesentem,
2058 1272 2246 1341 quod,
2297 1268 2556 1341 quisquis
2592 1267 2689 1320 vult

398 1339 405 1348 “
430 1337 535 1389 sub
552 1336 781 1391 Christo
803 1336 1059 1388 militare
1075 1374 1092 1403 ,
1120 1336 1303 1394 ..debet
1328 1338 1547 1391 relictis
1572 1341 1841 1393 omnibus
1870 1340 2073 1396 mundi
2097 1341 2261 1393 tricis
2286 1350 2344 1392 et
2372 1355 2688 1392 avocamen-

427 1407 504 1458 tis
526 1405 595 1458 'se
622 1408 711 1460 illi
743 1415 934 1458 totum
965 1423 1182 1476 suaque
1217 1409 1410 1461 studia
1443 1408 1734 1470 addicere.
1802 1412 2080 1480 Denique‘
2096 1411 2535 1464 meminerimus
2562 1416 2690 1461 vete·

427 1476 510 1529 ris
537 1477 857 1544 proverbii:
887 1477 1015 1529 Hoc
1038 1491 1167 1545 age,
1195 1480 1354 1546 quod
1376 1478 1696 1549 significat,
1725 1482 1809 1532 ita
1836 1480 1988 1534 serio
2014 1481 2467 1534 incumbendum
2484 1496 2596 1532 esse
2612 1494 2691 1547 pe-

427 1563 497 1599 ra
540 1548 702 1599 endis
729 1546 951 1613 Sacris,
990 1555 1056 1597 ut
1081 1548 1340 1603 studium
1365 1548 1634 1616 nostrum
1664 1562 1722 1602 et
1747 1550 2133 1604 intentionem
2161 1550 2311 1603 nihil
2339 1549 2502 1603 aliud
2528 1550 2692 1616 impe-

322 1683 329 1688 ,
426 1618 570 1668 diat.
645 1617 845 1668 Lectio
875 1617 1297 1686 illa·vulgaris:
1347 1621 1532 1671 Nemo
1564 1621 1827 1673 militans
1854 1623 1983 1674 Deo
2009 1630 2125 1675 etc.
2170 1619 2496 1690 corrumpit
2533 1629 2692 1671 totum

424 1684 595 1740 Pauli
629 1703 875 1740 sensum.
942 1688 1122 1740 Porro
1138 1689 1437 1741 Ecclesiae
1466 1698 1726 1758 pastores
1749 1690 1854 1744 sub
1869 1689 2166 1744 Timothei
2195 1707 2449 1760 persona
2479 1688 2693 1757 alloqui·

414 1766 525 1809 'tur
552 1756 650 1807 hic
666 1757 894 1809 Paulus.
963 1757 1271 1811 Generalis
1299 1759 1539 1830 quidem
1572 1769 1659 1813 est
1683 1761 2005 1826 sententia,
2045 1760 2143 1813 sed
2170 1777 2322 1832 quae
2347 1759 2691 1831 peculiariter

432 1826 610 1888 Verbi
642 1826 921 1879 ministris
960 1830 1259 1898 competit.
1330 1830 1580 1882 Videant
1605 1845 1746 1900 ergo
1785 1829 1850 1882 hi
1884 1830 2173 1899 primum,
2237 1847 2390 1900 quae
2422 1832 2538 1883 sint
2562 1847 2591 1881 a
2615 1843 2695 1879 sua

314 1915 317 1924 ·
394 1900 401 1906 “
431 1896 737 1949 functione
770 1897 992 1964 aliena,
1038 1907 1106 1956 ut
1141 1899 1314 1951 soluti
1340 1898 1634 1953 Christum
1671 1910 2007 1970 sequantur.
2039 1908 2050 1924 '
2081 1899 2288 1953 deinde
2320 1900 2560 1953 videant
2595 1897 2691 1980 alii)

433 1967 677 2036 quisque
705 1966 767 2018 in
795 1984 895 2020 suo
925 1967 1165 2036 ordine,
1215 1969 1356 2039 quid
1384 1987 1481 2022 eos
1512 1988 1547 2023 a
1576 1970 1803 2025 Christo
1829 1968 2163 2023 abstrahats
2212 1988 2286 2023 ne
2315 1970 2424 2030 hio
2468 1970 2693 2024 ecclesus

432 2039 764 2105 Imperator
786 2038 974 2090 minus
1002 2036 1217 2092 habeat
1243 2040 1306 2091 in
1334 2041 1610 2095 nos-iuris
1629 2079 1645 2107 ,
1697 2057 1870 2124 quam
1906 2041 2016 2092 sibi
2057 2040 2311 2094 vindicat
2347 2040 2531 2095 homo
2558 2039 2689 2111 quis-

429 2107 586 2176 piam
620 2108 884 2160 mortalis
907 2108 969 2159 in
993 2109 1267 2177 profanos
1297 2110 1546 2178 milites,
1585 2111 1682 2182 qui
1710 2128 1772 2163 m
1798 2110 1922 2163 eius
1950 2126 2161 2162 nomen
2187 2112 2482 2165 iurarunt.

570 2176 619 2230 5.
694 2177 859 2246 Quod
898 2178 954 2227 si
987 2180 1119 2245 quis
1161 2181 1340 2231 etiam
1382 2183 1711 2248 certaverit,
1795 2183 1968 2233 Nunc
1996 2181 2120 2250 agit
2147 2180 2219 2233 de
2259 2177 2691 2251 perseverantia:
2775 2231 2776 2254 Χ

431 2261 511 2297 ne
540 2245 674 2315 quis
701 2256 865 2315 putet
899 2261 959 2297 se
988 2263 1102 2299 uno
1130 2257 1230 2299 aut
1257 2248 1442 2300 altero
1475 2250 1760 2304 conflictu
1787 2267 1910 2304 esse
1940 2249 2335 2321 perfunctum.
2369 2253 2372 2258 '
2411 2254 2494 2303 Ac
2524 2246 2692 2302 simili-

429 2316 700 2368 tudinem
731 2316 961 2385 quidem
987 2318 1059 2369 ab
1090 2318 1321 2370 athletis
1353 2330 1682 2387 mutuatur,
1735 2335 1985 2394 quorum
2019 2337 2190 2374 nemo
2212 2322 2549 2389 praemium
2575 2317 2694 2369 obti·
2775 2335 2776 2338 ¹

427 2398 553 2453 net,
589 2386 705 2439 nisi
739 2386 811 2438 ad
841 2394 1161 2441 extremum
1188 2389 1374 2442 victor
1402 2390 1733 2459 perstiterit.
1760 2403 1772 2420 ⁴
1792 2392 1890 2447 Sic
1916 2392 2127 2463 prioris
2155 2392 2228 2444 ad
2248 2393 2387 2445 Cor.
2408 2410 2440 2444 e
2481 2392 2572 2443 ist.
2590 2405 2691 2457 cap.

318 2478 341 2491 ⁸
430 2458 486 2523 9,
514 2454 631 2511 Q:
683 2456 898 2525 Omnes
937 2457 1172 2526 quidem
1216 2460 1280 2512 in
1318 2462 1503 2514 stadio
1541 2471 1820 2530 currunt,
1868 2463 1969 2515 sed
2010 2478 2156 2514 unus
2197 2464 2325 2526 acci*
2362 2463 2418 2514 it
2493 2462 2693 2514 raviam.

425 2528 517 2579 sic
546 2527 781 2594 currite,
826 2538 889 2580 ut
914 2528 1438 2600 comprehendatis.
1509 2533 1570 2588 si
1598 2532 1729 2604 quis
1758 2533 1955 2603 itaque
1982 2533 2174 2601 primo
2201 2549 2312 2586 con
2364 2533 2491 2585 ictu
2514 2531 2694 2598 fatiga·

427 2606 537 2650 tus
554 2595 749 2650 statim
777 2611 845 2649 ex
876 2615 1082 2669 eampo
1111 2619 1172 2656 se
1203 2603 1276 2656 ad
1305 2604 1558 2673 quietem
1590 2602 1908 2670 subducat,
1946 2603 2197 2654 inertiae
2224 2603 2593 2655 damnabitur
2616 2613 2694 2668 po·

435 2667 572 2735 tius,
599 2684 771 2738 quam
803 2669 1106 2731 ornabitur
1137 2687 1372 2727 corona.
1445 2673 1534 2726 lta
1607 2689 1744 2726 uum
1770 2681 1999 2725 certare
2022 2689 2127 2725 nos
2155 2673 2294 2726 velit
2313 2672 2580 2725 Christus
2601 2676 2695 2748 tota

432 2737 588 2792 vitas
625 2738 722 2809 qui
747 2739 809 2790 in
834 2740 1029 2793 medio
1056 2742 1335 2798 victoriae
1363 2758 1540 2798 eursu
1566 2692 1873 2812 defecerit,
1913 2743 2142 2796 bonore¹
2159 2760 2221 2796 se
2247 2743 2473 2813 privat,
2507 2740 2693 2795 etiamn

437 2814 673 2859 strenue
707 2813 981 2879 coeperit.
1051 2813 1340 2878 Legitima
1374 2828 1595 2866 certare
1621 2823 1707 2866 est
1744 2813 2014 2886 prosequi
2058 2822 2397 2881 certamen,
2452 2818 2694 2883 quantum

326 2870 329 2873 ’
429 2878 529 2929 vel
548 2879 740 2946 quoad
771 2880 865 2933 lex
890 2880 1276 2951 praescribit:
1317 2899 1389 2935 ne
1422 2883 1548 2952 quis
1578 2883 1690 2936 sibi
1713 2885 1951 2938 modum
1977 2892 2116 2936 ante
2140 2892 2365 2952 tempus
2398 2882 2644 2934 definiat.

568 2949 622 3001 6.
700 2950 998 3003 Labor-are
1027 2953 1192 3018 prius
1217 2953 1596 3019 Agricolam.
1635 2955 1770 3007 Non
1810 2954 2021 3024 ignoro
2065 2971 2224 3007 secus
2267 2954 2421 3005 verti
2456 2947 2696 3004 hunclo-

427 3028 562 3068 cum
598 3019 671 3069 ab
702 3018 830 3072 aliis
846 3058 863 3087 ,
919 3028 974 3071 et
1000 3020 1197 3072 fateor
1226 3039 1325 3073 eos
1358 3022 1435 3074 ad
1468 3022 1707 3076 verbum
1734 3024 2054 3079 transferre
2074 3061 2091 3093 ,
2141 3023 2296 3095 quod
2326 3024 2557 3075 Graece
2576 3022 2695 3072 Pau·

430 3088 523 3139 lus
550 3088 799 3158 scripsit.
872 3089 973 3141 sed
1003 3091 1102 3159 qui
1130 3090 1440 3161 dilig-enter
1467 3102 1806 3147 contextum
1840 3093 2125 3166 expendet
2143 3133 2162 3163 ,
2195 3092 2343 3146 mihi
2369 3090 2696 3149 assentietur·
2771 3136 2778 3158 ἆ

382 3208 399 3227 ‚¹
432 3157 659 3225 Deinde
708 3163 849 3212 no‘ta
901 3168 987 3213 est
1030 3160 1259 3229 Graeca
1305 3163 1420 3219 ista
1465 3161 1728 3232 phrasis,
1781 3166 2210 3232 Laborantem,
2265 3179 2372 3233 pro
2422 3162 2695 3215 Laborare.
2777 3206 2778 3213 ,

432 3227 807 3297 participium
856 3231 1008 3281 enim
1046 3230 1176 3281 loco
1216 3228 1499 3283 infinitivi
1536 3248 1709 3302 saepe
1754 3227 1974 3287 Graeci
2015 3243 2316 3304 usurpants
2361 3231 2595 3287 *Sensus
2635 3233 2700 3276 ett

432 3296 615 3364 igitur
634 3337 649 3363 ‚
688 3314 807 3349 non
837 3307 969 3350 ante
995 3300 1277 3370 agricolas
1303 3302 1562 3354 fructum
1589 3304 1864 3374 colligere
1884 3343 1901 3373 ,
1956 3321 2137 3375 quam
2166 3307 2228 3357 in
2259 3313 2453 3355 terrae
2484 3302 2696 3360 culturn;

431 3367 499 3418 in
532 3369 756 3421 satione
796 3377 853 3420 et
897 3369 1026 3422 aliis
1068 3370 1415 3424 sudaverint.
1488 3374 1656 3442 Quod
1685 3378 1734 3427 si
1763 3392 1881 3426 non
1909 3380 2162 3445 parcunt
2186 3373 2485 3427 laboribus
2513 3368 2699 3440 agrico-

431 3436 526 3488 lae
548 3474 565 3503 ,
611 3447 676 3490 ut
705 3438 1016 3507 aliquando
1049 3439 1243 3494 fructu
1272 3443 1574 3511 potiantur
1593 3483 1609 3511 ,
1654 3453 1714 3497 et
1734 3447 2030 3515 patienter
2054 3455 2278 3513 tempus
2309 3445 2513 3495 messis
2539 3452 2700 3515 exsp}-

430 3515 632 3561 ctant:
676 3517 896 3578 quanto
929 3510 1226 3564 absurdius
1262 3521 1348 3566 est
1380 3528 1487 3564 nos
1517 3511 1748 3568 labores
1776 3516 2043 3585 refugere
2063 3554 2079 3586 ,
2118 3530 2259 3584 quos
2288 3513 2457 3566 nobis
2484 3512 2703 3576 iniu¹1g¹t
2777 3506 2778 3525 ¹

434 3577 700 3630 Christus
733 3588 898 3631 tanta
929 3581 1202 3633 mercede
1232 3580 1573 3653 proposita?

573 3647 625 3701 7.
699 3650 976 3717 Intellige
993 3688 1011 3718 ,
1048 3670 1195 3722 quae
1222 3654 1373 3706 dico.
1443 3653 1571 3707 Hoc
1597 3670 1716 3706 non
1741 3652 2239 3721 addiditpropter
2262 3649 2699 3706 similitudinum,

436 3732 579 3783 quas
618 3721 857 3785 posuit,
919 3719 1373 3790 obscuritatem,
1437 3721 1540 3774 sed
1583 3733 1649 3776 ut
1686 3722 1794 3775 sibi
1834 3724 1961 3792 ipse
2003 3732 2337 3792 suggereret
2376 3719 2701 3776 Timotheus,
2777 3778 2778 3785 ,

429 3795 649 3854 quanto
680 3792 1072 3856 praestantior
1110 3791 1188 3844 sit
1232 3792 1338 3844 sub
1370 3792 1588 3847 Christi
1630 3792 1906 3862 auspiciis
1952 3794 2219 3859 militia,·
2255 3800 2317 3845 et
2357 3799 2573 3861 quanto
2610 3801 2702 3837 am·

341 3916 345 3920 ,
429 3854 582 3924 plior
630 3873 874 3912 merces.
948 3876 1088 3912 nam
1145 3861 1243 3913 vix
1294 3862 1526 3915 assidua
1573 3863 1956 3917 meditatione
2003 3862 2115 3914 hoc
2158 3860 2394 3913 tandem
2437 3859 2701 3915 sentimus.

435 3926 603 3995 Quae
655 3928 962 3982 subiicitur
1014 3930 1311 3999 precati0,
1374 3933 1538 4004 quasi
1586 3934 1715 3987 vice
1759 3933 2139 3993 correctionis
2179 3932 2381 3985 addita
2427 3941 2537 3985 est.
2597 3925 2704 3994 quis
2777 3958 2778 3965 κ

428 3996 589 4047 enim
617 4012 799 4067 usque,
832 4001 901 4052 ad
935 4001 1444 4070 incorruptibilem
1469 4003 1630 4056 illam
1659 4004 1814 4063 vitae¹
1849 4005 2086 4056 futurae
2125 4015 2403 4056 coronam
2443 4017 2562 4053 non
2594 4009 2704 4048 con·

428 4067 720 4119 scendunt
745 4079 984 4122 nostrae
1012 4084 1263 4124 mentes:
1314 4073 1527 4125 Paulus
1552 4074 1626 4127 ad
1654 4077 1843 4128 Deum
1872 4074 2164 4144 confugit,
2213 4081 2280 4125 ut
2308 4069 2610 4125 Timotheo
2633 4063 2703 4143 de}

427 4136 815 4220 intellectufn.
902 4142 1090 4212 Atque
1144 4141 1286 4194 hine
1339 4144 1667 4212 colligimus
1721 4160 1842 4196 non
1886 4146 2078 4197 minus
2115 4144 2332 4196 frustra
2369 4159 2477 4195 nos
2521 4139 2703 4215 docen,

427 4207 541 4256 nisi
575 4210 862 4259 Dominus
892 4221 1115 4264 mentes
1153 4211 1380 4281 aperiat
1400 4252 1419 4280 ,
1472 4231 1647 4282 quam
1675 4213 1899 4267 ¹frustra
1931 4215 2208 4267 darentur
2235 4220 2576 4283 praecepta,
2617 4218 2703 4286 ³38¹

429 4274 558 4342 ipse
602 4278 1002 4347 suppeditaret
1040 4279 1191 4334 vires
1233 4282 1537 4351 implendi.
1610 4285 1753 4355 Quis
1791 4285 1949 4337 enim
1976 4282 2155 4338 Paulo
2186 4284 2390 4336 melius
2417 4281 2484 4334 id
2514 4270 2703 4348 potuit?

327 4364 357 4413 g
431 4347 609 4468 attqluit
635 4359 704 4401 ut
743 4347 943 4418 aliquo
983 4349 1254 4420 profectu
1296 4353 1535 4433 doceat,
1558 4398 1565 4407 ,
1591 4353 1937 4426 discipulum
1961 4355 2084 4409 sihi
2122 4371 2159 4408 a
2188 4356 2316 4415 Deo
2354 4347 2604 4408 formari·
2625 4356 2703 4415 ΡΟ·

424 4431 454 4468 ¹
480 4432 518 4468 u
544 4432 577 4468 a
614 4452 628 4470 s
1341 4440 1346 4444 ⁴
1651 4448 1660 4455 “
1782 4430 1789 4438 ’
2597 4447 2603 4453 ·

1929 4495 1978 4515 ⁸⁸*
