2820 4895
740 195 877 313 AD
913 192 1514 313 'HEBRAssos
1553 244 1729 311 cia».
1772 247 1889 312 xi.
1972 312 1976 319 ,
2270 242 2462 326 3495.

113 442 126 455 “
160 429 294 485 set3
349 434 507 472 mors
544 417 917 487 sanguinaria
956 415 1238 468 maiorem
1276 413 1575 466 habuisset
1611 413 1867 480 luctum3
1922 418 2079 489 quod
2115 430 2311 477 autem
2351 440 2458 479 sua

160 508 306 543 eum
334 506 509 542 manu
545 490 774 541 iubetur
806 497 1096 549 mactare,
1147 485 1206 535 id
1245 500 1379 534 vero
1425 486 1677 553 atrocius
1716 494 1836 552 est,
1889 505 2064 556 quam
2104 502 2167 543 ut
2196 490 2455 560 ‚puel-‘no

156 565 370 615 animo
403 564 472 612 sit
502 559 825 611 tolerabile.
896 557 1107 609 Millies
1133 555 1451 606 exanimari
1483 557 1700 623 potuit,
1753 557 1863 607 nisi
1891 559 2034 612 fides
2062 574 2164 631 cor
2199 565 2457 623 eiusjex-

156 643 265 684 tra
306 632 588 684 mundum
640 628 977 680 sustulisset.
1021 627 1217 693 ›Ergo
1266 642 1382 677 non
1430 626 1534 681 abs
1577 641 1646 677 re
1676 641 2110 685 commemorat
2155 637 2459 700 Apostolus

157 713 315 756 tnnc
350 703 526 752 fuisse
557 709 863 768 tentatum.
937 698 1254 765 Quaeritur
1292 705 1533 760 tamen,
1578 711 1684 751 cur
1711 697 1875 749 Isaac
1914 701 2239 768 unigenitus
2278 723 2458 758 voce-

119 810 126 813 ,
159 783 300 835 tur,
353 787 531 840 quum
570 781 705 831 ante
734 785 868 819 eum
910 769 1132 835 genitus
1175 774 1323 816 esset
1351 763 1592 830 Ismael,
1645 768 1738 834 qui
1779 768 1967 820 adhuc
1995 784 2279 839 superstes
2305 785 2455 834 erat.

160 843 549 911 RespondeO,
601 856 776 909 quum
804 838 918 889 Dei
947 836 1179 887 oraculo
1224 835 1527 888 abdicatus
1569 845 1717 886 esset
1750 854 1818 887 ex
1848 840 2106 906 familia,
2140 842 2323 912 ,quasi
2364 850 2457 915 jn„

162 923 293 966 star
324 911 538 964 mortui
567 911 744 962 fuisse
772 907 1037 959 habitum
1057 944 1074 971 ,
1127 914 1192 957 ut
1220 906 1423 956 saltem
1455 907 1610 959 inter
1636 905 1786 956 filios
1814 909 2076 963 Abrahae
2104 911 2455 971 locurnnon

158 993 426 1043 teneret.
556 981 741 1048 Quum
771 977 1187 1048 promissiones
1222 977 1563 1043 accepisset.
1635 977 2028 1047 Quaecunque
2053 980 2334 1039 hactenus
2360 990 2483 1040 re-'

161 1055 442 1118 tulimus,
488 1060 783 1118 utcunque
810 1047 1069 1098 animum
1103 1043 1363 1095 Abrahae
1398 1045 1626 1111 penitus
1654 1047 2114 1117 vulneraverint,
2163 1071 2304 1120 prae
2340 1058 2456 1112 hac

159 1134 370 1176 tamen
398 1122 720 1173 tentatione
748 1116 908 1186 quasi
946 1117 1098 1167 leves
1132 1117 1477 1182 punctiones
1512 1115 1781 1182 fuerant,
1833 1119 1983 1187 quod
2021 1125 2269 1190 acceptis
2310 1145 2454 1194 pro..

163 1181 541 1247 missionibus
560 1191 791 1242 iubetur
819 1186 1008 1238 filium
1039 1202 1208 1237 suum
1234 1187 1398 1246 Isaac
1427 1184 1778 1236 interficere.
1853 1189 2070 1242 Omnes
2110 1196 2266 1247 enim
2304 1214 2451 1265 pro-

166 1267 475 1316 missiones
515 1262 576 1312 in
614 1260 726 1311 hac
765 1258 1045 1309 fundatae
1082 1264 1275 1307 erant=
1325 1257 1392 1306 In
1422 1256 1583 1305 Isaac
1614 1257 1911 1310 'vocabitur
1938 1261 2043 1311 tibi
2080 1263 2278 1319 se'men
2307 1269 2454 1333 (Ge.

165 1353 293 1388 nes.
319 1336 404 1398 21,
439 1332 543 1399 12.)
561 1369 576 1397 ,
618 1326 890 1398 quoniam
908 1364 924 1392 ,
962 1320 1076 1380 h‘ac
1100 1325 1324 1389 sublata
1342 1363 1357 1390 ,
1384 1324 1558 1379 *nulla
1585 1343 1712 1394 spes
1740 1328 2164 1392 benedictionis
2194 1346 2295 1387 aut
2317 1355 2452 1406 gra-

167 1408 294 1458 tiae
320 1406 539 1471 reliqua
568 1401 765 1452 fiebat.
834 1399 947 1449 Hic
976 1393 1118 1448 nihil
1147 1406 1443 1446 terrenum
1473 1396 1738 1449 veniebat
1766 1399 1827 1449 in
1869 1401 2299 1469 quaestionem;
2349 1409 2458 1468 secl⁴

172 1486 413 1527 aeterna
443 1468 918 1535 Abrahaesalus,
971 1468 1089 1519 imo
1133 1467 1308 1517 totius
1350 1466 1595 1518 mundi..
1647 1469 1894 1536 Quantis
1933 1474 2211 1541 angustiis
2250 1478 2452 1531 distri.

172 1556 333 1598 ctum
362 1545 536 1595 fuisse
564 1537 833 1610 putamus
857 1546 1124 1591 sanctum
1148 1535 1471 1602 hominem,
1512 1551 1689 1604 quum
1714 1538 1801 1590 illi
1828 1542 1888 1591 in
1915 1552 2169 1599 mentem
2201 1550 2446 1617 veniret,

167 1617 237 1668 in
279 1615 380 1665 filii
420 1629 665 1681 persona
701 1626 864 1677 spem
898 1617 1176 1660 aeternae
1214 1607 1364 1657 vitae
1400 1606 1732 1674 exstingui?
1779 1619 1837 1660 et
1874 1616 2093 1664 tamen'
2117 1614 2233 1667 fide
2273 1626 2465 1685 supra'

121 1686 126 1691 ’
164 1686 276 1738 lias
311 1683 687 1753 cogitationes
726 1679 1007 1748 emergit,
1058 1686 1157 1743 ut,
1209 1676 1362 1747 quod
1388 1676 1575 1742 iussus
1606 1686 1726 1743 est,
1774 1691 2138 1750 exsequatur·
2171 1696 2180 1714 ι
2211 1687 2271 1738 Si
2294 1689 2445 1742 haec

164 1754 529 1809 admirabilis
566 1754 675 1804 fuit
707 1751 918 1815 virtus,
966 1764 1072 1817 per
1096 1756 1185 1799 tot
1214 1764 1281 1798 ac
1306 1756 1428 1799 tam
1458 1747 1637 1799 ardua
1671 1749 2272 1810 obstaculaeluctari:
2322 1776 2449 1811 me-

158 1829 282 1880 rito
311 1841 599 1876 summam
627 1821 857 1875 laudem
886 1820 1056 1871 habet
1083 1818 1259 1881 fides,
1313 1834 1461 1886 quae
1486 1817 1607 1869 sola
1641 1818 1817 1885 fecit,
1870 1831 1938 1872 ut
1975 1822 2225 1877 invictus
2254 1821 2445 1882 Ab'ra..

158 1897 303 1949 ham
332 1903 633 1964 perstaret.
710 1891 820 1940 Sed
847 1889 946 1941 hic
973 1890 1366 1940 exoriturnon
1391 1904 1572 1954 parva
1596 1888 1938 1958 difficultas,
1991 1899 2282 1962 quomodo
2309 1901 2446 1951 lau-

115 1998 122 2009 .
163 1967 340 2019 detur
365 1964 629 2016 Abrahae
651 1961 794 2011 fides
814 1997 830 2024 ,
879 1962 1010 2010 dum
1047 1976 1078 2009 a
1106 1958 1484 2026 promissione
1516 1957 1780 2010 discedit.
1854 1961 1997 2013 Nam
2026 1966 2198 2018 sicuti
2232 1985 2301 2019 ex
2326 1969 2446 2024 fide

160 2038 530 2102 obedientia,
582 2035 665 2084 ita
696 2046 762 2080 ex
801 2029 1180 2097 promissione
1218 2027 1361 2079 fides
1399 2027 1678 2079 nascitur.
1750 2029 1864 2082 Ubi
1890 2049 2027 2101 ergo
2056 2030 2461 2102 promissione

111 2124 116 2131 ·
162 2107 499 2159 destituitur
538 2101 858 2166 Abraham,
923 2099 1366 2150 concidat'eius
1414 2097 1557 2148 fides
1597 2114 1832 2150 necesse
1873 2110 1974 2154 est.
2056 2105 2235 2161 Porro
2283 2126 2444 2163 mors

159 2181 365 2240 Isaac,
419 2185 480 2227 ut
514 2175 632 2225 iam
670 2173 888 2223 dictum
927 2179 1045 2235 est,
1097 2167 1357 2219 omnium
1384 2167 1834 2235 promissionum
1865 2171 2099 2238 quidam
2132 2178 2309 2229 veluti
2343 2181 2445 2231 in·-

157 2249 374 2301 teritus
411 2246 558 2304 fuit3
614 2258 803 2310 neque
839 2241 995 2301 enim
1022 2240 1190 2308 quasi
1215 2255 1360 2290 unus
1386 2237 1595 2305 aliquis
1625 2255 1703 2289 ex
1719 2239 1889 2307 vulgo
1917 2241 2219 2297 hominum
2251 2251 2446 2301 consi·
2524 2256 2537 2263 '

163 2318 455 2372 der-andus
496 2322 581 2366 est
619 2318 818 2379 Isaac,
871 2311 970 2362 sed
1012 2311 1111 2377 qui
1154 2310 1447 2371 inclusum
1486 2308 1550 2358 in
1588 2326 1649 2359 se
1679 2308 1972 2363 Christum
2010 2312 2197 2370 habet.
2268 2319 2440 2373 Hane

159 2388 562 2460 quaestionem
586 2424 600 2452 ,
642 2399 787 2455 quae
817 2380 1062 2432 difficilis
1093 2378 1312 2449 alioqui
1341 2378 1415 2428 ad
1447 2379 1782 2431 solvendum
1812 2391 1992 2447 esset,
2033 2388 2261 2452 expedit
2290 2395 2443 2456 Apo-

161 2459 341 2512 'gtolus
359 2497 375 2524 ,
416 2474 592 2527 quum
619 2471 751 2507 mox
780 2453 1043 2517 subiicit,
1094 2451 1377 2502 Abraham
1407 2450 1676 2508 tribuisse
1701 2450 1814 2500 hoc
1840 2452 2077 2508 honoris
2092 2458 2218 2509 Deo
2236 2497 2251 2525 ,
2283 2460 2444 2530 quod

109 2571 116 2576 ,
162 2531 348 2582 filium
374 2536 569 2596 posset
594 2542 663 2575 ex
690 2523 934 2576 mortuis
964 2522 1240 2574 excitare.
1309 2521 1464 2588 Ergo
1494 2520 1688 2578 datam
1718 2521 1825 2572 sibi
1851 2524 2288 2590 promissionem
2320 2548 2443 2584 non

167 2597 398 2658 355505t3
441 2599 539 2650 sed
569 2596 683 2645 vim
712 2595 832 2656 eius
857 2610 927 2644 ac
957 2590 1260 2664 veritatem
1296 2601 1457 2641 extra
1483 2590 1589 2642 filii
1616 2591 1795 2642 vitam
1824 2594 2111 2662 extendit,
2165 2602 2299 2668 quia
2327 2602 2444 2655 Dei

161 2671 484 2739 potentiam
507 2677 629 2718 tam
663 2664 921 2733 angustis
950 2663 1161 2713 finibus
1200 2678 1315 2713 non
1353 2661 1602 2727 limitat,
1655 2671 1719 2712 ut
1741 2672 1971 2729 mortuo
1999 2666 2160 2728 Ῑὸἓὶὸθ
2189 2671 2278 2723 vel
2308 2672 2443 2724 alli·
2530 2703 2531 2708 ’

159 2749 303 2810 gata
331 2741 402 2790 sit
427 2738 513 2788 vel
537 2737 839 2788 exstincta.
909 2735 1038 2785 Hoc
1060 2732 1229 2784 modo
1258 2733 1702 2799 promissionem
1730 2733 2004 2797 retinuit,
2048 2738 2180 2805 quia
2196 2742 2307 2792 Dei
2334 2757 2442 2809 po-

155 2810 408 2862 tentiam
439 2824 556 2859 non
587 2807 770 2857 affixit
798 2805 951 2856 vitae
974 2806 1171 2861 Isaac;
1210 2801 1309 2853 sed
1333 2813 1670 2869 persuasum
1696 2801 1900 2858 habuit
1918 2841 1935 2870 ,
1980 2805 2042 2855 in
2073 2808 2192 2860 eius
2221 2814 2439 2868 mortui

159 2880 454 2933 cineribus
482 2895 598 2929 non
628 2879 815 2930 minus
837 2913 853 2946 ,
895 2889 1067 2943 quam
1096 2875 1160 2924 in
1187 2872 1312 2923 vivo
1342 2873 1714 2941 etspirante,
1751 2872 1881 2925 fore
1906 2873 2223 2957 efficacem.

298 2980 375 3033 19,
456 2978 612 3034 Unde
650 2995 771 3028 eum
810 2994 1050 3045 quoque.
1123 2975 1202 3023 Ac
1226 2973 1268 3023 si
1299 2972 1551 3026 diceret:
1601 2974 1804 3041 Neque
1829 2974 1978 3026 haec
2004 2991 2132 3046 spes
2157 2980 2439 3037 frustrata

158 3057 249 3102 est
270 3048 691 3110 Abrahamum,
735 3046 872 3114 quia
898 3043 1043 3106 haec
1075 3042 1358 3112 quaedam
1382 3044 1826 3096 resurrectionis
1854 3046 1969 3097 fuit
1992 3049 2242 3117 species,
2279 3054 2437 3120 quod

156 3119 353 3173 subito
392 3119 669 3169 liberatus
706 3116 823 3166 fuit
861 3131 930 3165 ex
964 3114 1159 3164 media
1198 3121 1406 3166 morte.
1483 3113 1721 3163 Nomen
1748 3115 2094 3184 parabolae,
2155 3124 2306 3189 quod
2337 3123 2437 3175 hic

152 3177 427 3260 ponitur,
480 3189 631 3238 varie
660 3192 956 3255 exponunt
979 3184 1344 3249 interpretes,
1407 3182 1540 3253 «Ego
1573 3183 1917 3252 simpliciter
1952 3188 2183 3259 accipio·
2214 3209 2318 3259 pro
2358 3195 2437 3256 si...

154 3258 504 3311 militiidinis
531 3269 688 3310 nota.
760 3255 1016 3308 Tametsi
1051 3255 1204 3304 enim
1248 3269 1383 3304 vere
1421 3268 1540 3304 non
1567 3256 1881 3307 resurrexit
1903 3259 2092 3324 Isaac,
2150 3264 2435 3330 quodam-

103 3333 112 3338 ‘
155 3330 334 3388 modo
372 3330 567 3381 tame‘n
603 3325 832 3377 videtur
866 3323 1275 3388 resurrexisse,
1326 3336 1502 3392 quum
1540 3334 1779 3391 repente
1808 3344 1876 3377 ac
1903 3329 2242 3384 mirabiliter
2268 3335 2434 3385 inex-

145 3409 414 3469 spectata
453 3399 562 3451 Dei
606 3397 793 3465 gratia
843 3395 1103 3461 eripitur.
1183 3394 1383 3461 Neque
1426 3400 1626 3446 tamen
1652 3396 1965 3466 displicet,
2028 3402 2182 3471 quod
2223 3404 2320 3454 alii
2351 3405 2432 3454 ‘in

145 3472 371 3537 ariete,
428 3474 524 3539 qui
554 3468 894 3534 subrogatus
920 3473 1006 3515 est
1030 3465 1090 3514 in
1117 3463 1304 3513 locum
1334 3465 1532 3530 Isaac,
1580 3473 1814 3517 carnem
1854 3479 2111 3526 nostram
2136 3472 2434 3541 designari

95 3539 100 3542 ’
143 3548 393 3611 putant,
443 3556 589 3608 quae
632 3532 826 3587 morti‘
850 3535 1171 3587 subiicitur.
1242 3535 1447 3584 Fateor
1483 3534 1657 3585 etiam
1697 3553 1895 3590 verum
1936 3553 2089 3604 esse,
2139 3546 2294 3612 quod
2330 3544 2433 3596 alii

141 3610 424 3673 tradunt,
480 3612 538 3660 in
576 3607 688 3659 hac
721 3606 1124 3659 immolatione
1163 3603 1382 3670 pictam
1421 3602 1600 3655 fuisse
1639 3606 1854 3657 Christi
1896 3607 2228 3678 imaginem.
2314 3614 2430 3666 Sed

144 3698 346 3745 nunc,
398 3680 535 3747 quid
578 3678 821 3729 senserit
852 3674 1185 3744 Apostolus,
1244 3688 1357 3722 non
1398 3673 1536 3741 quid
1579 3690 1717 3726 vere
1755 3676 1872 3744 dici
1913 3683 2124 3745 possit,
2181 3682 2433 3749 disputo.

140 3752 266 3805 Hic
293 3759 513 3814 autem,
554 3765 682 3800 meo
709 3747 926 3798 iudicio
946 3783 962 3813 ,
1000 3746 1280 3814 genuinus
1311 3752 1397 3793 est
1422 3761 1652 3810 sensus,
1693 3748 1845 3814 quod
1864 3747 2152 3802 Abraham
2180 3769 2296 3805 non
2324 3755 2430 3806 ali-

135 3834 242 3873 ter
282 3821 466 3870 filium
504 3835 670 3871 suum
705 3817 963 3886 recepit,
1016 3831 1188 3886 quam
1213 3814 1262 3866 si
1285 3812 1378 3875 ini
1404 3830 1473 3865 ex
1505 3824 1691 3866 morte
1722 3819 2022 3873 restitutus
2057 3832 2207 3875 esset
2228 3822 2289 3878 in
2315 3841 2430 3877 no-

139 3908 281 3944 vam
312 3891 508 3943 vitam.

102 4043 112 4055 l
282 3991 367 4043 20.
445 3969 583 4040 Fid'e
610 3969 820 4041 Isana·
868 3986 998 4037 Hoc
1025 3985 1202 4035 etiam
1228 3983 1365 4035 fidei
1390 4000 1533 4053 opus
1559 3982 1703 4049 fuit,
1742 3982 1814 4037 de
1837 3987 2050 4041 futuris
2070 3977 2427 4066 benedicere,

136 4059 282 4130 quia
304 4098 320 4124 ‚
362 4060 460 4111 ubi
487 4074 578 4109 res
602 4072 719 4107 non
749 4064 967 4120 exstat,
1008 4056 1106 4106 sed
1133 4057 1353 4115 nudum
1386 4054 1626 4104 verbum
1653 4059 1922 4122 apparet,
1965 4077 2200 4112 necesse
2227 4073 2313 4116 est
2337 4082 2426 4116 εο-

133 4130 265 4182 lam
293 4130 466 4182 fidem
494 4130 755 4196 regnare.
832 4126 944 4177 Sed
967 4125 1153 4195 primo
1179 4125 1308 4176 loco
1340 4124 1657 4175 notandum
1689 4132 1773 4175 est
1792 4162 1808 4192 ,
1852 4129 1995 4196 quid
2025 4132 2215 4182 valeat
2252 4134 2425 4186 bene·

140 4200 359 4265 dictio,
409 4200 478 4249 de
518 4214 628 4266 qua
666 4195 953 4269 loquitur;
1005 4212 1145 4246 nam
1190 4211 1358 4262 saepe
1399 4193 1754 4261 generaliter
1789 4195 2120 4264 benedicere
2142 4218 2247 4270 pro
2279 4205 2426 4255 bene

139 4270 377 4339 precari
418 4267 717 4335 accipitur.
790 4266 901 4317 Sed
927 4266 1100 4331 longe
1128 4263 1242 4315 alia
1272 4266 1425 4314 ratio
1449 4264 1563 4315 fuit
1588 4263 2018 4319 benedictionis
2046 4269 2244 4335 Isaac;
2299 4283 2428 4326 erat

138 4341 302 4391 enim
339 4341 499 4408 quasi
523 4335 723 4388 missio
750 4338 811 4388 in
838 4336 1254 4402 possessionem
1298 4333 1653 4386 eius-tarrae
1672 4370 1687 4399 ,
1739 4352 1909 4402 quam
1934 4340 2087 4390 Deus
2116 4341 2207 4393 illi
2232 4350 2293 4391 et
2323 4359 2423 4409 po-

133 4411 310 4464 steris
344 4409 710 4480 promiserat.
781 4406 956 4477 Atqui
985 4404 1046 4460 in
1077 4420 1149 4460 ea
1172 4401 1323 4458 nihil
1351 4403 1533 4466 hahet
1564 4419 1803 4475 Pronus
1841 4401 1953 4466 nisi
1987 4408 2079 4471 ius
2113 4411 2424 4482 sepulchri.
2502 4459 2515 4470 f
