2820 4895
378 232 553 346 324'
657 234 687 299 .·
901 261 1007 342 mi
1079 244 2105 374 ams‘roLAarAULi

521 447 604 500 11.
678 447 791 499 Sed’
834 465 900 499 ex
954 448 1233 501 omnibus.
1332 429 1707 511 Consolatio,
1775 459 1891 513 qua
1937 453 2234 514 temperat
2282 443 2678 497 afflictionum

384 516 799 580 acerbitatem,
848 514 1003 586 quod
1036 515 1265 567 scilicet
1297 531 1639 583 prosperum
1680 530 1906 585 semper
1928 514 2122 567 ‘finem
2152 514 2386 574 habent.
2459 515 2520 567 Si
2549 516 2703 584 quis·

385 587 651 650 obiiciat,
690 603 805 638 non
827 601 1057 654 semper
1086 584 1331 637 eundem
1350 623 1365 648 ,
1419 588 1489 637 de
1515 602 1628 655 quo
1656 585 1974 653 gloriatur,
2025 602 2355 638 successum
2386 584 2682 652 spectari:

384 669 584 708 verum
620 656 681 707 id
719 656 952 724 quidem
994 671 1118 708 esse
1156 654 1382 719 fateor,
1429 656 1583 724 quod
1626 657 1702 706 ad
1743 672 1973 707 sensum
2005 658 2235 719 carnis;
2290 672 2479 723 neque
2519 655 2683 707 enim

363 727 621 801 standem
659 725 937 777 liberatus
977 725 1086 777 fuit
1111 726 1323 776 Paulus
1361 725 1508 791 ipse.
1583 727 1795 777 Verum
1827 741 2008 795 quum
2042 726 2352 795 aliquoties
2381 740 2487 783 nos
2518 726 2681 777 Deus

381 797 621 861 liberat,
680 794 792 845 hoc
829 795 1004 847 modo
1041 802 1321 860 testatur,
1378 810 1440 845 se
1475 795 1642 846 nobis
1683 796 1917 861 adesse,
1992 805 2052 846 et
2089 812 2269 867 porro.
2309 796 2678 847 adfuturum.

383 869 533 920 Nam
566 883 635 918 ex
666 867 986 932 praesentis
1021 865 1229 916 auxilii
1267 858 1439 917 sen'su
1464 865 1555 915 vel
1586 867 1985 933 experimento
2018 867 2232 918 fiducia
2262 873 2462 917 nostra
2490 865 2553 915 in
2585 865 2684 917 fu·
2746 892 2751 915 t

378 945 572 989 turum
597 936 895 987 extendere
918 953 981 987 se
1005 935 1195 988 debet.
1265 935 1419 1001 Ergo
1444 936 1688 1003 perinde
1714 938 1826 987 hoc
1856 935 2042 999 valet,
2083 953 2156 990 ac
2180 937 2231 991 si
2257 934 2525 988 dixisset:
2559 937 2680 989 Ex·

383 1017 579 1076 pertus
611 1023 704 1074 es,
751 1007 942 1059 Deum
968 1005 1111 1057 mihi
1137 1020 1440 1075 nunquam
1470 1005 1758 1072 defuisse,
1812 1009 1899 1058 ita
1927 1020 2045 1058 non
2076 1015 2194 1073 est,
2247 1007 2400 1079 quod
2436 1006 2680 1061 ¹dubites

373 1093 516 1155 stneo
550 1077 806 1143 exemplo
835 1076 1024 1145 ipsum
1055 1075 1238 1145 sequi.
1654 1136 1661 1139 k
1780 1136 1789 1143 ἢ
2232 1144 2237 1155 ἱ
2300 1139 2307 1147 ,
2362 1142 2367 1147 ·

533 1152 638 1214 12*
692 1165 770 1213 Et
798 1179 1009 1213 omnes.
1089 1160 1240 1230 Quia
1275 1160 1789 1230 persequutionum
1817 1177 2053 1213 suarum
2081 1162 2469 1226 meminerat,
2515 1174 2680 1210 nunc

369 1247 490 1300 ‚quo
534 1249 604 1283 ue
636 1230 829 1299 addit,
868 1229 1018 1281 nihil
1041 1230 1151 1283 sibi
1180 1231 1489 1297 accidisse,
1531 1231 1688 1302 quod
1719 1247 1835 1287 non
1858 1232 2105 1283 'maneat
2131 1249 2330 1285 omnes
2359 1232 2500 1297 pios.
2574 1232 2675 1281 At·

381 1251 633 1370 queqhoc
662 1300 808 1353 dicit
837 1299 1048 1368 partim
1081 1311 1147 1352 ut
1179 1319 1241 1352 se
1268 1310 1616 1368 comparent
1640 1300 1841 1355 fideles
1870 1303 1957 1353 ad,
1975 1303 2333 1371 subeundam
2360 1298 2518 1363 hanc
2543 1315 2677 1361 sor-

373 1381 531 1439 tem,
557 1372 796 1441 partim
826 1387 900 1421 ne
935 1369 1012 1420 oh
1053 1372 1562 1440 persequutiones,
1616 1374 1755 1441 quas
1795 1374 2040 1423 sustinet
2082 1373 2156 1424 ab
2196 1372 2425 1439 impiis,
2472 1371 2678 1438 ,ipsum

377 1442 518 1494 honi
547 1451 877 1510 suspectum
903 1436 1190 1509 habeant,
1231 1437 1715 1512 quemadmodum
1748 1459 1922 1511 saepe
1949 1442 2065 1507 fit„
2104 1453 2170 1494 ut
2194 1436 2458 1511 iniquam
2485 1440 2679 1509 tortu·
2704 1492 2716 1497 ,

309 1540 312 1543 >
375 1529 512 1564 nam
543 1521 859 1580 sequantur
887 1509 1092 1579 iniqua
1120 1510 1354 1581 iudicia.
1430 1514 1580 1565 Nam
1608 1512 1709 1581 qui
1738 1512 1932 1565 minus
1959 1513 2242 1580 propitios
2266 1513 2449 1564 habet
2471 1509 2678 1563 homi·

377 1600 513 1649 nes,
563 1599 697 1634 mox
734 1597 963 1654 quoque
1002 1583 1170 1651 vulgo
1211 1582 1509 1634 iudicatur
1532 1585 1658 1634 Deo
1687 1587 1910 1635 exosus.
1983 1585 2176 1652 Quare
2207 1583 2419 1635 Paulus
2446 1599 2507 1633 se
2539 1580 2675 1633 filiis

322 1671 329 1678 ·
371 1655 487 1706 ¹Dei
528 1661 803 1721 aggregat
844 1653 906 1702 in
947 1650 1059 1704 hac
1101 1652 1360 1720 generali
1402 1653 1725 1721 sententia,
1773 1663 1831 1704 et
1859 1653 2034 1704 simul
2060 1652 2212 1706 filios
2237 1654 2348 1706 Dei
2376 1653 2670 1719 hortatur,

369 1734 440 1775 -ut
471 1723 725 1774 ferendis
759 1723 1303 1791 persequutionibus
1344 1740 1406 1774 se
1444 1732 1672 1792 parent.
1746 1722 1892 1777 Nam
1928 1726 1976 1774 si
2009 1724 2278 1776 haec.1ex
2312 1722 2673 1793 praescribi-

373 1803 471 1844 tur
503 1793 762 1844 omnibus
783 1830 799 1859 ,
854 1793 953 1862 qui
986 1794 1048 1842 in
1081 1795 1312 1845 Christo
1344 1794 1436 1861 pie
1465 1794 1668 1845 volunt
1698 1795 1884 1846 vivere
1899 1832 1926 1861 ,.
1965 1809 2200 1848 necesse
2227 1803 2313 1846 est
2341 1806 2405 1846 ut
2435 1793 2669 1855 Christo

374 1863 746 1927 renuntient,
809 1862 907 1930 qui
963 1858 1161 1912 volunt
1201 1862 1489 1914 immunes
1533 1879 1658 1914 esse
1704 1879 1739 1912 a
1788 1865 2354 1934 persequutionibus.
2433 1865 2671 1915 Frustra

376 1933 532 1984 enim
564 1932 859 1984 Christum
892 1930 1217 1999 disiungere
1250 1949 1281 1984 a
1312 1949 1486 1983 cruce
1514 1948 1618 1987 sua
1649 1933 2028 2001 conabimur,
2077 1936 2310 2003 quando
2344 1934 2458 1984 hoc
2501 1930 2670 2003 quasi

375 2004 643 2055 naturale
675 2011 759 2055 est
778 2039 795 2067 ,
832 2011 894 2053 ut
921 2001 1167 2053 mundus
1198 2003 1493 2063 Christum
1526 2003 1717 2054 oderit
1741 2001 1911 2057 etiam
1941 2004 2001 2055 in
2033 2008 2151 2063 suis
2171 2004 2467 2063 membris,
2532 2004 2667 2056 odii

377 2084 509 2126 vero
554 2090 745 2124 comes
786 2082 870 2124 est
907 2072 1252 2138 crudelitas,
1289 2072 1459 2127 xhinc
1507 2075 2002 2143 persequutiones.
2086 2078 2362 2144 Denique*
2388 2074 2662 2140 sciamus,

374 2144 487 2195 hac
512 2145 845 2195 conditione
873 2159 977 2193 nos
1002 2159 1132 2193 esse-
1156 2142 1513 2197 Christianos
1532 2182 1548 2210 ,
1585 2153 1649 2195 ut
1677 2143 1872 2195 multis
1903 2147 2200 2198 aerumnis
2225 2163 2294 2209 ac
2320 2146 2663 2198 certaminis

372 2215 480 2266 bus
518 2214 689 2266 variis
733 2214 909 2265 simus
954 2212 1206 2264 obnoxii.
1286 2213 1418 2264 Sed·
1453 2215 1679 2283 quaerit
1767 2252 1782 2279 ‚
1826 2230 1926 2266 ,an
1971 2232 2167 2268 omnes
2222 2224 2493 2283 oporteat
2549 2231 2663 2267 esse

368 2295 673 2355 martyres.
762 2286 999 2335 Constat
1047 2285 1235 2348 enim,
1285 2284 1498 2341 multos
1536 2230 1910 2351 fuissffpioh
1945 2287 2062 2354 qui
2101 2302 2213 2338 nec
2252 2287 2521 2339 exsilium
2558 2303 2664 2339 un·

374 2372 579 2426 quam,
639 2371 747 2406 nec
791 2368 1125 2421 carcerem,
1180 2354 1564 2423 nec-fugam,
1625 2370 1735 2405 nec
1774 2355 1932 2406 aliud
1968 2357 2432 2427 persequutionis
2480 2372 2661 2425 genus

310 2475 322 2482 .
369 2427 663 2479 subierint.
739 2426 1113 2492 Respondeo,
1157 2440 1274 2474 non
1304 2440 1483 2477 unam
1509 2441 1630 2476 esse
1658 2426 1976 2494 rationem,
2012 2444 2129 2498 qua
2157 2429 2332 2483 Satan
2356 2425 2661 2496 persequi-

307 2534 311 2537 «
366 2508 462 2548 tur
488 2514 678 2550 servos
712 2495 956 2556 Christi3
996 2496 1099 2546 sed
1125 2500 1320 2545 tamen
1357 2496 1595 2548 omnino
1623 2513 1856 2548 necesse
1887 2506 2005 2570 est,
2049 2508 2245 2550 omnes
2274 2500 2660 2568 qualicunque

369 2568 544 2619 modo
587 2567 803 2617 habere
842 2566 952 2617 sibi
999 2566 1277 2616 infestum
1313 2568 1627 2631 mundum,
1681 2574 1745 2617 ut
1776 2583 1986 2619 eorum
2030 2578 2377 2623 exerceatur·
2408 2568 2556 2620 fides
2591 2582 2659 2618 ac

371 2639 645 2706 probetur
671 2635 1012 2689 constantia.
1087 2636 1263 2687 Satan
1297 2636 1471 2702 enim,
1505 2636 1602 2704 qui
1631 2646 1941 2704 perpetuus
1968 2647 2056 2689 est
2073 2639 2295 2691 Christi
2317 2640 2525 2702 hostis,
2561 2654 2656 2689 ne·

359 2710 587 2759 minem
615 2710 867 2777 unquam
904 2705 1160 2773 patietur
1185 2714 1307 2772 tota
1336 2707 1454 2759 vita
1483 2723 1604 2772 esse
1635 2709 1924 2776 quietum,
1979 2717 2037 2760 et
2072 2726 2300 2779 semper
2337 2718 2509 2762 erunt
2545 2711 2656 2760 im·—

367 2779 563 2846 probi,
617 2780 861 2847 quinos
900 2769 1179 2845 tanquam
1224 2776 1425 2843 spinae
1467 2786 1742 2846 pungant.
1815 2779 1972 2847 Quin
2009 2779 2185 2831 etiam
2216 2781 2568 2847 ‘simulatque
2597 2793 2656 2830 se

363 2850 585 2916 profert
615 2850 673 2899 in
708 2847 947 2898 homine
977 2845 1134 2897 fideli
1160 2848 1270 2898 Dei
1302 2848 1492 2912 zelus,
1531 2847 1845 2913 impiorum
1876 2849 2131 2902 omnium
2159 2852 2384 2912 rabiem
2413 2849 2655 2901 inflam-

365 2923 507 2987 mat,
559 2928 731 2987 atque
758 2927 822 2986 ut
845 2934 961 2968 non
988 2917 1245 2967 habeant
1268 2918 1525 2985 gladium
1555 2927 1843 2967 exsertum
1867 2958 1882 2982 ,
1922 2935 2090 2972 suum
2116 2929 2309 2971 tamen
2344 2925 2496 2972 virus
2524 2934 2653 2990 evo-

365 3000 531 3041 munt
559 2990 645 3040 vel
671 2987 967 3042 fremendo
988 3025 1002 3052 ‚
1046 2987 1133 3038 vel
1164 2987 1564 3056 maledicendo
1586 3024 1603 3051 ,
1646 2988 1737 3038 vel
1765 2989 2203 3057 tumultuando,
2255 2991 2341 3042 vel
2371 2992 2497 3044 aliis
2524 3005 2652 3040 mo-

364 3059 470 3113 dis,
541 3061 695 3130 Ergo
726 3068 1019 3125 utcunque
1048 3071 1164 3107 non
1197 3060 1433 3109 eosdem
1465 3073 1665 3122 omnes
1708 3059 2034 3111 sustineant
2072 3060 2354 3125 insultus,
2405 3076 2516 3112 nec
2555 3059 2651 3111 iis·
2680 3078 2688 3085 ·

279 3148 286 3155 ’
364 3131 497 3181 dem
524 3131 964 3181 immisceamur
992 3127 1229 3195 proeliis
1252 3125 1280 3193 ,“
1317 3144 1684 3180 communem
1713 3134 1910 3180 tamen
1941 3130 2161 3182 habent
2180 3133 2497 3197 militiam,
2545 3144 2651 3182 nec

333 3200 624 3253 “omni-ex
653 3209 817 3267 parte
843 3198 1026 3269 quieti
1063 3207 1121 3248 et
1150 3216 1185 3251 a
1215 3198 1759 3269 persequutionibus
1786 3199 2076 3258 immunes
2104 3214 2289 3274 erunt.

275 3401 281 3405 .
352 3390 356 3394 .
534 3342 629 3401 13.
680 3336 843 3400 Mali
876 3349 1098 3401 autem
1128 3336 1440 3401 homines
1470 3350 1536 3400 et
1565 3342 1978 3424 impostores
2006 3340 2358 3428 proficient
2408 3342 2477 3402 in
2525 3357 2653 3423 pe·-

357 3428 499 3500 ius‚
545 3433 884 3499 errante8‚
929 3434 998 3485 et
1024 3426 1371 3486 mittentes
1402 3425 1471 3483 in
1507 3443 1828 3487 errorem.
1925 3426 2021 3489 14.
2070 3424 2174 3487 Tu
2205 3431 2430 3488 autem
2458 3441 2650 3485 mane

356 3510 430 3571 in
475 3511 591 3583 iis,
651 3528 821 3592 quae
862 3507 1197 3589 didicisti,
1256 3506 1340 3570 et„
1370 3525 1540 3588 quae
1583 3508 2045 3571 creditafsunt
2086 3511 2273 3586 tibi,·
2307 3514 2562 3582 sciens,
2613 3524 2653 3567 a

359 3613 495 3676 quo
522 3590 859 3666 didiceris.
955 3591 1048 3655 15.
1089 3593 1178 3656 Et
1211 3592 1393 3675 quod
1427 3610 1463 3653 a
1492 3596 1780 3677 pueritia
1817 3592 2054 3657 Sacras
2083 3593 2344 3666 litteras
2378 3592 2650 3666 novisti,

349 3696 526 3758 *quae
569 3687 855 3763 possunt
907 3688 994 3751 tes·
1027 3678 1369 3742 eruditum
1423 3676 1708 3740 reddere
1762 3676 1848 3742 ad
1905 3671 2194 3743 salutem
2246 3676 2649 3766 perfidem,

285 3765 290 3768 ’
361 3781 529 3845 quae
558 3774 661 3825 est
685 3766 754 3824 in
790 3759 1069 3826 Christo
1100 3760 1272 3824 lesu.
1368 3764 1466 3823 16.
1491 3762 1764 3825 ·Omnis
1793 3761 2144 3847 Scriptura
2181 3762 2506 3827 divinitus
2535 3765 2650 3823 in·-

357 3847 607 3931 s'pirata
666 3857 768 3910 est
815 3866 892 3912 ac
939 3844 1125 3909 utilis
1168 3847 1252 3907 ad
1304 3843 1717 3921 doctrinam,
1772 3846 1865 3907 rad
1913 3845 2503 3931 redargutionem,
2566 3842 2647 3907 ad

357 3929 884 4006 correctionem,
923 3931 1011 3993 ad
1035 3932 1537 3994 institutionem
1559 3975 1578 4005 ‚
1623 3948 1793 4013 quae
1827 3933 2023 3994 estin
2056 3935 2334 3995 iustitia.
2425 3936 2522 3997 17.
2551 3927 2648 3997 Ut

353 4017 622 4097 integer
647 4018 737 4079 sit
764 4011 892 4077 Dei
923 4001 1164 4089 nomm
1206 4016 1292 4080 ad
1330 4035 1531 4084 omne
1563 4033 1734 4102 opus
1771 4015 2024 4079 bonum
2052 4005 2410 4083 formatus.
2646 4053 2649 4056 ‡

494 4147 577 4202 13.
659 4151 809 4204 Mali
838 4165 1036 4204 autem*
1056 4151 1334 4203 homines.
1408 4151 1528 4202 Ista
1568 4161 1656 4203 est
1696 4149 1784 4201 vel
1832 4151 2210 4205 acerbissima
2252 4153 2644 4223 persequutio,

355 4218 493 4270 dum
510 4219 767 4271 videmus
795 4220 1005 4287 impios
1029 4238 1156 4271 cum
1185 4220 1468 4289 sacrilega
1501 4236 1604 4272 sua
1638 4220 1908 4289 audacia,
1944 4215 2075 4274 cuin
2091 4222 2467 4291 blasphemiis
2484 4233 2541 4274 et
2558 4241 2646 4275 er·

348 4289 576 4341 roribus
592 4290 961 4342 invalescere.
999 4289 1086 4354 Ita
1102 4291 1311 4360 Paulus
1341 4290 1481 4341 alibi
1503 4290 1849 4359 (Gal.4‚29.)
1871 4307 1988 4343 non
2062 4289 2217 4346 ladio
2234 4293 2515 4361 Ismaelis,
2545 4292 2647 4346 sed

350 4359 604 4412 ludibrio
622 4362 785 4412 Isaac
809 4360 982 4412 fuisse
1008 4369 1272 4411 vexatum
1299 4362 1498 4414 tradit.
1545 4361 1708 4412 Unde
1733 4361 1909 4412 etiam
1943 4363 2032 4414 col
2059 4364 2222 4431 igere
2253 4357 2427 4431 licet,
2451 4364 2652 4433 proxi·

334 4422 439 4481 “me
456 4446 575 4483 non
591 4446 768 4484 unam
786 4431 1065 4508 duntaxat
1087 4430 1828 4503 persequutionisspeciem
1849 4441 2117 4496 notasse3
2159 4431 2261 4510 sed
2289 4433 2649 4505 generaliter
