2820 4895
1805 158 1812 185 l

354 246 481 312 422
664 267 668 274 ·
1108 244 1216 349 m
1275 238 1888 314 amaron-‘aa
1985 308 1991 319 n

357 414 449 468 tio
496 430 730 486 quoque
767 413 1088 484 fungatur,
1134 414 1272 485 qnia
1299 412 1489 477 huius
1519 415 1614 468 rei
1639 424 1815 484 typus
1846 415 1912 468 in
1939 396 2347 469 Melchisedec
2370 432 2661 485 praecem

360 483 529 536 serit.
617 486 698 538 Et.
714 494 874 537 certe
906 485 1246 553 quicunque
1272 485 1436 536 inter
1462 484 1711 539 Iudaeos
1738 494 1877 536 sunt
1910 484 2277 554 aliquantum
2306 485 2647 550 verecundi,

273 574 278 585 ³
359 560 491 604 tum
517 553 589 604 de
620 553 834 604 Messia
866 569 1197 604 sermonem
1225 553 1323 603 hic
1349 551 1566 604 haberi
1595 552 2140 621 concedunt„tum
2166 556 2342 605 etism
2371 554 2645 606 sacerdo·

360 621 517 674 tium
557 621 683 672 eius
725 622 1126 681 commendari
1161 638 1275 672 non
1314 621 1606 676 dubitant.
1707 622 1825 673 Ubi
1868 621 2092 673 Graeci
2146 631 2457 675 verterunt
2478 620 2646 691 xxm&

349 697 549 770 τάξιν,
598 688 892 757 Hebraice
928 692 1183 771 legitur,
1231 685 1565 769 mundam,
1618 704 1775 772 quod
1811 692 2105 770 significat
2135 706 2358 770 Instar,
2412 705 2509 755 vel
2540 720 2646 772 pro

362 774 631 837 ratione,
679 788 790 841 quo
830 772 1218 824 confirmatur
1260 772 1445 837 illud,
1495 773 1653 841 quod
1694 774 1815 824 iam
1861 772 2021 836 dixi,
2079 773 2222 841 quia
2252 790 2346 825 res
2376 783 2505 824 erat
2533 773 2648 823 mi·

360 840 526 892 nime
556 843 767 892 usitata
799 839 860 890 in
894 842 1108 909 populo
1131 879 1146 906 ,
1186 849 1251 892 ut
1277 838 1436 892 idem
1465 841 1646 910 Regis
1676 850 1735 892 et
1756 840 2102 905 KSacerdotis
2134 857 2452 907 personam
2477 840 2654 892 susti-

364 920 569 974 neret,
614 919 778 961 vetus
821 907 969 960 iuna
1012 907 1265 976 proponi
1311 910 1645 977 exemplar,
1682 924 1797 977 quo
1831 910 2074 960 Messias
2100 908 2219 960 fuit
2251 908 2650 962 adumbratus.

362 977 615 1047 Reliqua
644 976 919 1030 subtilius
953 977 1266 1047 Apostolus
1294 976 1426 1046 ipse
1456 978 1745 1031 edisseret
1771 977 1832 1028 in
1862 976 2162 1035 contextu.

535 1162 594 1222 7.
659 1155 798 1239 Qui
841 1160 909 1220 in
956 1157 1192 1222 diebus
1215 1161 1458 1223 ‘carnis
1505 1176 1662 1222 suae
1705 1179 1914 1242 quum
1956 1168 2027 1221 'et
2067 1159 2540 1244 precationes,
2586 1169 2655 1222 et

368 1239 900 1328 supplicationes
960 1242 1320 1327 obtulisset
1369 1265 1521 1307 cum
1575 1242 1895 1311 clamore-
1937 1242 2157 1311 valido
2216 1255 2283 1334 qt
2328 1241 2656 1329 lacrymis

366 1331 465 1402 ei,
519 1331 632 1410 qui
660 1336 929 1412 poterat
957 1349 1110 1390 eum
1144 1348 1233 1392 ex
1263 1337 1485 1391 morte
1512 1348 1814 1405 servare,
1849 1332 1941 1390 ‘et
1968 1326 2324 1391 exauditus
2358 1338 2539 1391 esset
2569 1347 2657 1390 ex

366 1431 493 1475 suo
523 1424 743 1491 metu3
828 1414 889 1474 8.
937 1404 1474 1497 Tmetsffuius
1511 1422 1693 1489 erat,
1735 1411 1974 1477 didicit
2000 1433 2088 1477 ex
2114 1414 2238 1489 iis,
2279 1388 2658 1498 quae‘pas-

364 1506 651 1571 sus‘est,
695 1494 1183 1572 obedientiam,
1225 1501 1324 1561 ·9.
1370 1496 1459 1560 Et
1483 1495 1967 1573 sanctificatuS‚
2010 1498 2362 1574 omnibus,
2407 1501 2527 1577 qui
2555 1493 2659 1558 illi

364 1580 731 1656 obediunt,
782 1576 1000 1643 factus
1044 1578 1175 1643 fuit
1218 1599 1414 1646 causa
1459 1594 1768 1649 aeternae
1815 1579 2086 1657 salutis,
2205 1585 2305 1644 10.
2373 1577 2658 1664 Cogno-
2706 1602 2709 1603 ⁷

363 1668 654 1726 minatus
702 1683 738 1725 a
778 1664 928 1726 Deo
971 1662 1343 1743 Sacerdos,
1396 1665 1767 1731 secundum
1813 1665 2123 1730 ordinem
2168 1662 2657 1742 Melchisedec,

371 1752 471 1813 11.
518 1748 619 1811 De
648 1765 783 1835 quo
809 1749 1005 1812 nobis
1036 1748 1286 1831 multus
1317 1752 1567 1825 sermci,
1610 1759 1678 1814 et
1706 1747 2003 1815 difficilis
2036 1746 2404 1835 explicatu,
2432 1768 2656 1835 ,quan-

366 1833 731 1918 doquidem
761 1833 939 1897 tardi
963 1831 1128 1899 facti
1159 1839 1335 1898 estis
1355 1836 1649 1899 auribuS.
2142 1886 2145 1889 -

501 1986 555 2039 7.
583 1978 595 2005 “
633 1986 750 2054 Qui
792 1988 857 2039 in
896 1988 1114 2048 diebus.
1196 1986 1346 2058 Quia
1374 2004 1554 2051 cruce
1582 1997 1650 2041 ut
1677 1987 1999 2058 plurimum
2028 1986 2403 2041 deformetur
2432 1985 2656 2040 Christi

365 2056 631 2129 species,
657 2057 822 2119 ,dum
861 2072 981 2108 non
1021 2056 1404 2108 considerant
1438 2057 1738 2124 homines„
1793 2075 1966 2127 quem
1996 2059 2059 2109 in
2086 2057 2268 2111 finem
2297 2056 2652 2109 humiliatus

365 2125 584 2177 fuerit:
629 2124 850 2178 iterum
891 2127 1068 2179 docet
1095 2124 1442 2193 Apostolus,
1490 2127 1650 2196 quod
1694 2127 1860 2194 prius
1900 2126 2218 2196 attigerat,
2256 2126 2569 2192 refulgere
2597 2124 2667 2177 in.

366 2194 477 2251 hac
503 2203 669 2262 parte
696 2193 910 2246 miram
938 2195 1104 2247 illius
1133 2194 1467 2246 bonitatem
1485 2231 1500 2258 ,
1561 2198 1720 2264 quod
1746 2197 1808 2246 in
1833 2197 2063 2247 bouum
2088 2204 2356 2246 nostrum
2388 2211 2454 2245 se
2489 2194 2656 2245 infir-

315 2264 318 2267 ’
364 2262 671 2317 mitatibus
708 2263 924 2315 nostris
959 2262 1312 2324 ‘subiecerih
1398 2264 1560 2315 Unde
1609 2274 1885 2333 apparet,
1939 2263 2281 2316 confirmari
2327 2261 2514 2314 fidem
2536 2278 2656 2312 mo-

353 2331 755 2396 „stramsn'on
801 2331 1078 2403 imminui
1117 2330 1252 2383 eius*
1283 2332 1573 2383 honorem
1613 2349 1715 2397 eo,
1760 2332 1924 2403 quod
1957 2334 2110 2385 mala
2147 2341 2350 2383 nostra
2380 2330 2663 2391 subierit,

365 2401 528 2468 Duas
561 2406 757 2467 autem
788 2418 1025 2473 causas,
1066 2417 1176 2453 cur
1201 2401 1539 2469 oportuerit
1571 2402 1868 2456 Christum
1901 2404 2055 2473 pati,
2107 2402 2404 2468 designat,
2456 2398 2656 2468 proxi·

364 2487 525 2524 mam
567 2480 629 2523 et
668 2469 962 2522 ultimam.
1054 2472 1216 2532 Haec
1246 2470 1515 2536 proxima
1549 2481 1672 2537 est,
1710 2482 1775 2523 ut
1802 2471 2202 2524 obedientiam
2233 2471 2533 2531 disceret;
2572 2469 2662 2519 ul-

364 2537 550 2603 tima,
622 2548 686 2591 ut
741 2538 803 2590 in
858 2539 1111 2602 salutem
1161 2548 1426 2590 nostram
1468 2539 1584 2591 hoc
1624 2540 1800 2592 modo
1843 2550 2299 2593 consectaretur
2341 2539 2654 2591 Sacerdos·

366 2609 511 2659 Dies
542 2609 769 2671 carnis,
801 2606 1026 2660 nemini
1059 2609 1296 2674 dubium
1327 2619 1413 2659 est
1441 2606 1540 2659 hic
1569 2610 1757 2677 accipi
1785 2626 1892 2676 pro
1927 2610 2221 2674 praesenti
2256 2606 2396 2660 vita.
2492 2607 2659 2658 Unde

313 2713 328 2721 ι
365 2678 670 2748 sequitur,
730 2678 934 2729 Carnis
977 2678 1215 2727 nomine
1256 2692 1369 2728 non
1413 2677 1801 2728 substantiam
1841 2677 2073 2741 notari,
2135 2677 2237 2729 sed
2279 2676 2659 2744 qualitatem,

331 2765 346 2772 ‘
368 2742 858 2815 quemadmodum
888 2748 938 2797 1.
968 2745 1239 2797 Corinth.
1276 2762 1403 2812 cap.
1435 2746 1516 2809 15,
1546 2747 1630 2796 50.
1652 2743 1679 2799 ε’
1727 2749 1877 2798 Caro
1906 2757 1965 2796 et
1989 2739 2226 2814 sanguis
2257 2760 2516 2812 regnum
2555 2743 2667 2806 Dei,

365 2830 483 2866 non
522 2815 926 2883 possidebunt.
1009 2814 1327 2881 Desipiunt
1357 2830 1500 2879 ergo
1532 2815 1783 2876 fanaticis
1810 2813 2110 2880 homineS,
2161 2813 2260 2882 qui
2294 2830 2453 2865 nunc
2477 2811 2655 2863 Chri·

265 2905 272 2909 ’
364 2891 523 2934 stum
551 2883 848 2935 somniant
875 2899 1051 2935 carne
1080 2901 1185 2942 sua
1214 2893 1488 2946 exutum,
1527 2884 1661 2953 quia
1692 2885 1925 2936 dicatur
1953 2899 2261 2949 superasse
2292 2882 2413 2932 dies
2445 2880 2665 2933 carnis.

366 2951 544 3003 Aliud
573 2952 729 3002 enim
759 2962 878 3018 est,
934 2970 1060 3003 esse
1091 2969 1293 3004 verum
1320 2951 1666 3018 hominem,
1717 2951 1953 3004 tametsi
1991 2951 2167 3004 beata
2201 2950 2663 3001 immortalitate

365 3020 734 3087 praeditum3
799 3020 960 3073 aliud
1006 3037 1130 3074 esse
1172 3019 1494 3073 obnoxium
1535 3021 1807 3073 humanis
1849 3020 2249 3072 aerumnis'et
2285 3017 2664 3076 infirmitati·

320 3154 324 3158 ,
364 3089 508 3156 bus,
546 3106 687 3168 quas
724 3089 1009 3141 sustinuit
1037 3090 1343 3152 Christus,
1382 3090 1667 3157 quamdiu
1697 3090 1758 3140 in
1787 3089 2006 3152 mundo
2040 3097 2308 3139 versatus
2339 3096 2462 3157 est»,
2502 3102 2667 3148 nunc

366 3174 503 3211 vero
546 3174 609 3208 in
652 3157 882 3210 coelum
927 3168 1207 3226 receptus
1251 3159 1538 3224 deposuit.
1608 3161 1783 3211 Nunc
1825 3174 1950 3209 rem
1991 3155 2402 3224 inspiciamus.
2479 3154 2665 3205 Chri·

366 3236 524 3292 stus,
582 3226 682 3296 qui
709 3225 894 3279 Filius
921 3236 1080 3291 erat,
1135 3224 1589 3295 qui.remedium
1617 3228 1899 3295 quaesivit
1927 3226 2080 3293 apud
2104 3226 2370 3288 Patrem,
2408 3223 2512 3292 qui
2545 3223 2668 3274 fuit

219 3325 232 3332 -
312 3320 336 3327 -
367 3295 674 3348 exauditus
700 3332 715 3360 ,
769 3305 972 3347 tamen
1015 3304 1275 3347 mortem
1317 3311 1518 3363 passus
1563 3306 1679 3359 est,
1731 3306 1796 3347 ut
1835 3296 1951 3346 hoc
1993 3294 2166 3345 modo
2211 3292 2565 3344 erudiretur
2598 3289 2670 3342 ad

366 3364 800 3416 obedientiam.
870 3364 1130 3432 Singulis
1174 3364 1334 3415 inest
1371 3379 1657 3431 magnum
1683 3366 1951 3429 ‘pondus,
2037 3365 2188 3415 Nam
2220 3373 2327 3428 per
2353 3362 2503 3412 Dies
2538 3377 2672 3411 car-

361 3432 455 3484 nis
496 3432 790 3501 significat
828 3440 1059 3500 tempus
1104 3435 1325 3483 nostris
1366 3433 1620 3483 miseriis
1668 3433 1905 3484 finitum
1952 3439 2138 3513 essen
2171 3429 2329 3510 quod
2371 3444 2495 3480 non
2544 3428 2673 3481 exi-

277 3539 280 3542 .
363 3516 545 3568 guam
581 3501 946 3558 levationem
988 3500 1178 3553 affert.
1261 3501 1337 3551 Et
1384 3510 1547 3552 certe
1590 3502 1734 3553 dura
1781 3512 1930 3553 esset
1965 3518 2033 3551 ac
2060 3498 2672 3552 minimetolerabilis

153 3581 154 3584 ’
245 3599 266 3604 —
362 3569 647 3635 conditio,
685 3568 742 3621 εἰ*
763 3569 959 3621 nullus
998 3569 1257 3637 patiendi
1286 3569 1423 3620 finis
1456 3570 1888 3626 ostenderetur.
1973 3566 2353 3644 Tria‘etiam,
2438 3583 2554 3618 uae
2584 3584 2673 3619 se·

362 3649 661 3718 quuutur,
725 3654 846 3688 non
893 3655 1105 3706 parum
1153 3639 1373 3699 addunt
1417 3638 1862 3692 consolationis.
1958 3638 2145 3691 Pilius
2201 3644 2330 3686 erat
2368 3636 2414 3685 C
2462 3634 2674 3698 ristus,

363 3723 539 3777 quem
567 3725 679 3773 ειιειδ
703 3707 956 3775 dignitas
995 3708 1297 3760 communi
1328 3718 1487 3760 sorte
1523 3708 1851 3773 eximebat,
1902 3707 1962 3757 et
1992 3716 2185 3758 tamen
2214 3703 2345 3772 huc,
2365 3720 2435 3762 se,
2458 3713 2674 3755 nostra

359 3793 540 3828 causa
583 3777 844 3828 demisit.
929 3776 1075 3845 Quis
1106 3771 1265 3829 nunc
1297 3775 1647 3835 mortalium
1679 3778 1923 3828 eandem
1949 3789 2228 3828 recusare
2261 3771 2673 3832 conditionem

269 3883 274 3888 -
363 3842 627 3898 audeat?
713 3844 959 3896 Accedit
1000 3844 1191 3897 altera
1235 3846 1428 3911 ratio,
1490 3845 1647 3913 quod
1694 3845 1747 3895 si
1787 3845 1963 3895 rebus
2007 3840 2267 3896 adversis
2311 3840 2678 3908 premimur,

272 3974 276 3978 .
358 3929 482 3963 non
530 3913 927 3983 expungim‘ur
964 3931 995 3964 e
1039 3914 1309 3966 filiorum
1339 3913 1448 3966 Dei
1490 3915 1770 3979 numero,
1813 3928 1995 3981 quum
2031 3920 2422 3981 praeeuntem
2458 3926 2679 3961 cerna-

359 3997 496 4042 mus,
534 3998 702 4045 eum,
755 3982 855 4051 qui
898 3983 1052 4035 solus
1090 3993 1300 4035 natura
1331 3981 1522 4035 Filius
1571 3990 1720 4033 erat.
1809 3983 1960 4032 Nam
1993 3979 2151 4052 quod
2181 3995 2291 4029 nos
2317 3976 2435 4028 filii
2466 3994 2677 4030 cense-

357 4065 531 4117 mur,
585 4050 645 4101 id
681 4050 1128 4118 fitadoption'is
1177 4054 1462 4104 duntaxat
1498 4050 1828 4116 beneficio,
1867 4061 2158 4118 quatenus
2188 4063 2293 4099 nos
2321 4046 2382 4097 in
2412 4045 2679 4097 societa-

360 4128 486 4172 tem
526 4135 692 4171 suam
730 4119 1022 4185 admittit,
1070 4119 1175 4188 qui
1215 4121 1373 4173 solus
1415 4120 1548 4171 iure
1591 4136 1694 4172 suo
1737 4119 1898 4171 hunc
1927 4119 2036 4169 sibi
2062 4118 2350 4169 honorem
2374 4114 2674 4167 vindicat.

365 4185 796 4253 Quum‘preces.
868 4187 1200 4241 Secundum
1232 4189 1349 4241 hoc
1374 4188 1435 4239 in
1455 4186 1948 4255 Christoponin
1985 4187 2215 4255 ipsum,
2253 4184 2362 4235 ubi
2393 4183 2676 4249 decebat,

357 4255 688 4309 remedium
725 4255 1084 4325 quaesiisse,
1133 4266 1201 4309 ut
1239 4273 1272 4308 a
1315 4256 1490 4308 malis
1539 4256 1919 4308 liberaretur.
2010 4258 2203 4324 Atque
2229 4254 2346 4305 hoc
2373 4252 2550 4316 dicit,
2597 4267 2677 4304 ne

356 4325 494 4392 quis
528 4323 930 4392 imaginetur,
968 4323 1278 4379 Christum
1309 4325 1510 4378 ferreo
1548 4324 1738 4377 fuisse
1771 4325 2008 4388 animo,
2060 4322 2165 4393 qui
2193 4320 2343 4375 nihil
2375 4320 2676 4380 senserim

355 4395 603 4466 semper
651 4392 811 4446 enim
856 4392 1269 4461 spectandum,
1317 4409 1449 4453 cur
1493 4392 1758 4470 quidque
1797 4392 2057 4451 dicatur,
2154 4391 2218 4445 si
2256 4389 2420 4443 nulle
2462 4387 2678 4441 dolore

2161 4476 2217 4535 'N

1726 4581 1751 4602 X
