2820 4895
367 280 497 371 sos
560 337 565 348 ,
897 275 1014 341 m
1083 273 1715 343 EmsToLAE
1759 248 2136 344 'mum

369 464 482 519 que
511 443 750 516 possunt
774 443 1214 498 criminationes
1233 446 1430 499 innoc
1452 444 1773 516 reget-endo
1804 443 2342 498 aussinnocentias
2368 445 2672 515 approba--

365 521 592 571 tionem
627 517 766 569 inde
800 523 1161 569 mutuantur.
1233 518 1311 569 Et
1341 523 1509 568 tanta
1539 523 1626 568 est
1654 516 2020 584 quorundam
2050 516 2305 569 fratrum
2341 515 2665 586 imperitia,

369 601 436 640 ut
459 586 956 641 nos-crudelitatis
984 583 1345 654 insimulent,
1382 589 1435 641 si
1451 586 1577 658 quis
1608 595 1871 638 nostrum
1892 588 2041 639 tales
2069 590 2272 656 pingat
2298 586 2673 639 suis-colori-

367 660 495 711 bus.
567 658 739 726 Atqui
756 657 1087 726 ‘optandum
1109 656 1299 725 foret,
1342 665 1409 708 ut
1432 657 1691 709 frontem
1714 673 1916 708 omnes
1946 656 2232 722 haberent
2259 658 2672 728 stigmate‘no-

369 738 585 793 tetam,
620 729 774 780 unde
798 735 1253 797 agnoscerentur
1279 728 1473 797 primo
1503 727 1700 779 statim
1730 742 2057 802 congressu.
2713 743 2716 750 ·

506 798 588 852 16.
666 800 775 852 Det
815 800 1280 849 misericordiam
1306 798 1616 853 Dominus.
1686 798 1774 850 Ex
1814 797 1926 849 hac
1963 795 2304 868 precatione
2341 795 2677 864 colligimus

369 866 612 921 minime
648 865 840 933 perire
881 866 1076 918 officia
1116 868 1335 918 sanctis
1375 867 1673 935 impensa,
1724 868 1959 920 etiamsi
2000 867 2252 937 gratiam
2280 866 2403 934 ‘ipsi
2445 868 2677 917 referre

369 946 681 1020 nequeant.
750 937 906 988 Nam
943 935 1101 1021 quod
1126 939 1321 991 Deum
1353 943 1664 1005 precatur,
1712 946 1780 990 ut
1810 938 2145 991 mercedem
2184 936 2501 1005 rependat,
2554 934 2678 986 hoe

370 1009 486 1060 vim
508 1007 686 1064 habet
714 1008 1130 1074 promissionis.
1203 1009 1280 1060 Et
1307 1006 1484 1059 simul
1513 1008 1766 1059 ostendit
1790 1009 2002 1061 Paulus
2032 1023 2196 1060 suam
2225 1006 2677 1075 gratitudinem,

371 1091 554 1150 quum
590 1077 1004 1130 remunerandi
1047 1076 1213 1129 vices·
1239 1077 1302 1128 in
1336 1079 1542 1146 Deum¹
1574 1079 1943 1142 transcribit,
2003 1079 2140 1147 quia
2183 1077 2379 1144 impar
2420 1085 2509 1128 est
2557 1078 2676 1127 sol·

272 1173 273 1178 ¹
372 1148 578 1201 vendo.
649 1147 804 1218 Quid
834 1149 885 1200 si
914 1147 1189 1200 adfuisset
1212 1146 1632 1200 remunerandi
1656 1148 1945 1201 facultas?
1992 1157 2148 1201 certe
2176 1163 2241 1199 re
2268 1149 2289 1197 i
2363 1164 2397 1198 a
2419 1155 2672 1200 testatus

365 1220 573 1271 fuisset
600 1216 902 1269 hominem
944 1234 1006 1270 se
1039 1215 1332 1286 ingratum
1368 1232 1488 1269 non
1520 1233 1663 1272 esse.
1736 1220 1918 1270 Porro
1955 1218 2280 1270 notandum
2315 1226 2435 1281 est,
2486 1218 2675 1284 quod,

367 1287 928 1359 quumOnesiphori
959 1286 1139 1340 solius
1184 1287 1638 1339 beneficentiam
1679 1288 1909 1356 laudet,
1961 1290 2036 1341 ob
2075 1305 2210 1340 eum
2252 1286 2678 1346 totins-miliae

365 1360 515 1410 bene
548 1367 838 1426 precatur.
876 1397 888 1421 ,
909 1358 1075 1410 Unde
1105 1357 1462 1427 colligimus,
1510 1360 1623 1411 Dei
1658 1360 2132 1411 benedictionem
2160 1375 2274 1410 non
2301 1366 2539 1409 tantum
2574 1375 2673 1430 su·

365 1446 472 1497 per
498 1437 676 1496 caput
701 1429 871 1494 iusti,
910 1429 1009 1480 sed
1035 1443 1208 1497 super
1232 1434 1418 1481 totam
1445 1429 1678 1480 domum
1708 1429 1980 1482 residere.
2020 1437 2218 1480 tantus
2246 1437 2334 1480 est
2359 1427 2471 1479 Dei
2498 1442 2677 1479 amor

368 1515 506 1567 erga
545 1514 706 1564 suos,
759 1507 822 1549 ut
860 1514 922 1550 se
968 1500 1040 1551 ad
1084 1502 1314 1565 om'nes,
1372 1499 1630 1568 quicum
1660 1498 1777 1551 illis
1807 1509 1941 1553 sunt
1967 1495 2297 1563 coniuncti,
2352 1497 2674 1550 diffundat.

425 1569 539 1619 uod
566 1567 997 1637 onesiphorum
1042 1568 1181 1620 dicit
1218 1588 1335 1620 non
1376 1570 1669 1621 erubuisse
1702 1571 1770 1620 de
1796 1588 1904 1622 sua
1938 1585 2175 1635 catena,
2224 1568 2287 1619 id
2325 1579 2447 1618 non
2487 1569 2673 1619 modo

365 1638 408 1689 li
453 1637 739 1692 eralitatis
766 1639 995 1707 signum
1021 1647 1139 1704 est,
1179 1637 1281 1689 sed
1311 1638 1488 1689 etiam
1518 1638 1663 1691 zeli:
1698 1638 2172 1708 quandoquidem
2202 1638 2471 1707 periculo
2501 1655 2567 1690 se
2593 1639 2676 1690 11·-

366 1710 573 1761 benter
600 1707 882 1761 obiecerit
908 1726 979 1760 ac
1005 1707 1311 1760 hominum
1337 1708 1620 1760 infamiae
1641 1745 1658 1775 ,
1698 1718 1764 1761 ut
1794 1709 2036 1761 Paulum
2062 1709 2255 1776 ipsum
2277 1710 2526 1763 iuvaret.

507 1779 587 1829 18.
666 1780 776 1829 Det
821 1781 874 1830 ei
918 1781 1230 1845 Dominus,
1282 1791 1345 1829 ut
1386 1780 1669 1829 inveniat.
1747 1779 2001 1848 Quidam
2039 1779 2121 1830 ita
2165 1788 2498 1846 exponunt:
2549 1778 2674 1829 Det

364 1846 453 1914 illi
478 1850 658 1914 Deus,
699 1855 765 1897 ut
792 1847 944 1917 apud
977 1847 1268 1899 Christum
1297 1846 1558 1906 iudicem·
1581 1848 2045 1900 misericordiam
2076 1850 2350 1917 reperiat.
2421 1850 2498 1900 Et
2527 1863 2675 1900 sane

362 1915 476 1967 hoc
505 1917 804 1986 aliquanto
836 1929 925 1969 est
953 1917 1346 1983 tolerabilius,
1372 1917 1565 1986 quam
1591 1916 1787 1970 locum
1813 1919 1978 1971 illum
2008 1921 2192 1971 Mosis
2211 1940 2240 1973 τι
2264 1918 2425 1970 Fluit
2455 1919 2669 1971 Domi-
2691 1928 2705 1950 ⁶

364 2004 472 2038 nus
500 2004 533 2038 a
560 1988 814 2040 Domino
842 1988 1021 2055 (Gen.
1052 1987 1136 2055 19,
1163 1986 1276 2051 24.)
1294 2024 1311 2050 ,
1346 1988 1435 2040 ita
1462 2004 1782 2056 exponere:
1818 1990 1969 2041 Fluit
1997 1991 2172 2041 Pater
2200 2007 2234 2041 a
2268 1987 2434 2041 Filio.
2504 1989 2673 2040 Fieri

364 2067 564 2109 tamen
599 2066 823 2126 potest,
872 2066 937 2110 ut
975 2056 1346 2109 vehementia
1386 2056 1627 2109 affectus
1653 2059 1898 2111 Paulum
1927 2061 2001 2112 ad
2026 2059 2435 2128 repetitionem
2457 2071 2670 2128 super·—

367 2144 615 2180 vacuam
657 2125 990 2195 impulerit,
1042 2136 1108 2179 ut
1145 2126 1275 2178 fieri
1315 2126 1486 2179 solet.
1567 2129 1730 2180 Haec
1774 2139 1970 2182 autem
2011 2131 2274 2196 precatio
2315 2145 2421 2180 nos
2466 2129 2667 2196 docet,

362 2206 579 2268 quanto
613 2198 850 2249 uberior
878 2213 1098 2254 merces
1125 2214 1224 2249 eos
1254 2206 1516 2263 maneat,
1570 2198 1671 2267 qui
1701 2199 1828 2251 sine
1857 2217 1957 2267 spe
1980 2201 2204 2252 terreni
2238 2198 2486 2269 praemii
2525 2215 2671 2251 san-

361 2267 472 2320 ctis
498 2268 772 2320 exhibent
801 2285 902 2319 sua
935 2266 1127 2319 officia
1145 2306 1161 2333 ,
1200 2283 1377 2336 quam
1405 2267 1452 2318 si
1481 2278 1836 2336 praesentem
1867 2287 1937 2321 ex
1963 2276 2137 2323 manu
2170 2268 2475 2323 hominum
2501 2271 2667 2320 reci-

358 2348 584 2407 petent.
658 2338 812 2409 Quid
840 2347 1034 2400 autem
1058 2336 1369 2405 precatur?
1418 2347 1484 2389 ut
1507 2338 1972 2392 misericordiam
2002 2341 2282 2392 inveniat.
2321 2343 2327 2350 '
2352 2341 2468 2411 Qui
2501 2340 2667 2391 enim

360 2425 499 2479 erga
555 2409 854 2478 proximos
909 2408 1091 2461 fuerit
1146 2408 1512 2475 misericors,
1543 2464 1544 2467 ,
1574 2405 1751 2463 {alem
1805 2426 1941 2480 erga
1979 2427 2042 2464 se
2081 2410 2414 2480 experietur
2450 2410 2665 2464 Deum.

358 2496 508 2549 quae
541 2480 844 2548 promissio
871 2479 985 2531 nisi
1023 2479 1094 2531 ad
1123 2478 1550 2546 benignitatem
1580 2482 1964 2533 exercendam
1994 2483 2211 2533 acriter
2242 2497 2349 2532 nos
2377 2479 2692 2532 sollicitet-

360 2568 429 2602 ac
466 2549 759 2616 stimulet,
810 2535 938 2617 plus
966 2556 1139 2619 quam
1181 2548 1397 2617 stupidi
1435 2566 1652 2602 sumus.
1723 2552 1889 2602 Unde
1915 2552 2170 2621 sequitur
2199 2552 2409 2616 etiam,
2466 2552 2666 2602 Deum

352 2637 474 2673 non
500 2620 705 2672 merita
731 2631 936 2692 ‚nostra
979 2636 1048 2670 ex
1091 2618 1374 2689 dignitate
1417 2619 1763 2687 praemiari:
1813 2622 1914 2673 sed
1955 2622 2068 2673 hoc
2106 2638 2231 2674 esse
2274 2621 2566 2689 optimum
2604 2630 2663 2670 et

352 2690 919 2760 praestantissimum
936 2725 959 2754 „
1000 2688 1351 2758 quod'nobis
1383 2690 1673 2758 rependit,
1719 2691 2075 2759 praemium,
2130 2692 2269 2744 dum
2296 2690 2467 2742 nobis
2491 2691 2660 2759 igno·

352 2760 497 2827 scit,
556 2776 732 2830 seque
771 2777 890 2811 non
925 2767 1051 2810 tam
1078 2774 1337 2812 severum
1367 2760 1622 2812 ostendit
1648 2761 1902 2814 iudicem
1921 2798 1939 2828 ,
1989 2778 2164 2832 quam
2191 2762 2427 2814 Patrem
2445 2760 2662 2815 ,indul-

353 2839 591 2900 gentem
619 2847 690 2883 ac
721 2830 1056 2900 propitium.
2164 2840 2171 2849 ⁴

1300 3046 1360 3115 C
1380 3065 1435 3115 A
1459 3049 1528 3115 1³⁸.
1586 3046 1678 3114 II.

356 3230 410 3285 1.
471 3188 604 3285 Tu
629 3212 831 3307 ergo,
865 3219 961 3285 fili
983 3223 1114 3298 mi,
1156 3218 1357 3285 fortis
1388 3232 1535 3285 esto
1558 3224 1909 3304 ingratia,
1952 3239 2122 3304 quae
2147 3226 2347 3287 estin
2369 3220 2654 3289 Christo

336 3307 539 3389 lesu,
624 3312 686 3368 2.
734 3305 823 3368 Et
847 3306 1024 3389 quae
1055 3325 1091 3367 a
1120 3326 1228 3369 me
1252 3305 1500 3371 audisti
1528 3324 1652 3392 per
1681 3304 1935 3370 multos
1961 3319 2208 3382 testeS‚
2253 3305 2423 3371 haec
2451 3328 2654 3371 com-

280 3452 288 3463 Ἴ
347 3389 590 3454 menda
636 3388 945 3455 fidelibus
990 3387 1417 3465 horninibus,
1472 3392 1586 3474 qui
1632 3389 1861 3453 idonei
1903 3402 2101 3454 erunt
2132 3391 2214 3454 ad
2243 3390 2412 3456 alios
2448 3396 2653 3455 etiam

351 3472 715 3548 docendos.
818 3478 877 3539 3.
934 3473 1037 3538 Tu
1083 3474 1294 3560 igitur
1332 3472 1513 3537 feras
1559 3471 2004 3552 afflictione3‚
2060 3487 2137 3539 ut
2188 3476 2407 3539 bonus
2449 3475 2651 3540 miles

232 3592 255 3603 κ
350 3558 502 3622 Iesu
521 3556 796 3629 Christi.
882 3562 942 3623 4.
975 3557 1041 3621 N
1046 3580 1218 3636 erno,
1264 3561 1383 3641 qui
1410 3556 1672 3633 militat,
1716 3557 2104 3643 implicatur
2135 3563 2309 3625 vitae
2334 3565 2653 3646 negotiiS,

344 3653 420 3704 ut
446 3646 840 3729 imperatori
867 3642 1149 3730 placeat.
1213 3642 1277 3705 6.
1315 3640 1525 3724 Quod
1555 3644 1630 3706 si·
1646 3645 1799 3725 quis
1831 3647 2035 3707 etiam
2065 3648 2458 3722 certaverit,
2503 3663 2648 3707 non

324 3718 744 3804 coronatur,
783 3731 919 3793 nisi
947 3726 1251 3812 legitime
1280 3730 1658 3793 certaverit.
1748 3729 1807 3789 6.
1852 3726 2196 3792 Laborare
2276 3732 2418 3793 rius
2456 3748 2492 3791 a
2538 3733 2648 3791 ri-

346 3808 561 3873 colam
606 3820 916 3899 oportet,
974 3831 1174 3895 quarn
1221 3810 1485 3874 fructus
1528 3813 1885 3898 percipiat.
1973 3816 2031 3875 7.
2076 3811 2226 3876 Inte
2279 3817 2426 3897 ige,
2471 3818 2516 3898 q
2564 3832 2647 3877 ae

252 3980 255 3985 .
342 3894 519 3959 dice.
606 3896 723 3959 det
753 3901 935 3963 enim
962 3897 1091 3960 tibi
1116 3898 1447 3959 Dominus
1477 3892 1897 3959 intellectum
1930 3899 2001 3958 in
2036 3899 2368 3967 omnibus.

483 4011 531 4062 1.
614 4005 697 4060 Tu
734 4028 887 4077 ergo.
959 4009 1142 4064 Sicuti
1181 4019 1356 4062 antea
1395 4010 1646 4063 iusserat
1683 4010 2014 4080 ‘depositum
2052 4028 2286 4064 servare
2364 4029 2428 4064 er
2454 4012 2642 4080 Spiri-

343 4087 497 4151 tum,
544 4078 630 4128 ita
671 4078 852 4131 etiam
895 4098 1052 4132 nunc
1091 4079 1412 4148 praecipit,
1462 4090 1531 4133 ut
1569 4081 1630 4132 in
1668 4083 1858 4146 gratia
1897 4082 2222 4135 roboretur.
2362 4097 2436 4135 uo
2477 4083 2640 4134 dicto

341 4150 464 4200 vult
501 4155 801 4216 torporem
841 4159 900 4201 et
938 4151 1217 4202 inertiam
1259 4159 1551 4203 excutere.
1624 4152 1768 4202 adeo
1806 4153 1962 4203 enim
1992 4153 2203 4220 ignava
2233 4160 2319 4204 est
2348 4169 2524 4218 caro,
2570 4161 2642 4205 nt

339 4219 533 4271 medio
573 4219 636 4270 in
680 4234 853 4271 cursu
889 4221 1245 4274 flaccescant
1283 4220 1495 4286 etiam,
1529 4262 1532 4263 γ
1561 4219 1659 4287 qui
1702 4223 1948 4287 praediti
1989 4221 2122 4274 sunt
2159 4223 2396 4291 egregiis
2441 4223 2635 4290 donis,

339 4290 450 4340 nisi
491 4288 811 4341 identidem
846 4290 1193 4345 excitentur.
1274 4292 1448 4346 Dicet
1483 4291 1805 4362 quispiam:
1858 4295 2146 4362 Quorsum
2173 4295 2401 4345 attinet
2438 4292 2635 4345 homi-

332 4368 467 4410 nem
495 4357 754 4426 hortari,
793 4368 863 4410 ut
890 4363 952 4411 in
980 4363 1178 4426 gratia
1207 4361 1289 4412 sit
1302 4360 1531 4426 fortis,
1570 4361 1682 4412 nisi
1712 4360 1945 4432 aliquae
1977 4370 2169 4415 essent
2194 4363 2269 4413 ad
2307 4379 2632 4431 cooperan-

337 4427 474 4481 dum
501 4428 674 4481 liberi
701 4429 930 4484 arbitrii
954 4428 1193 4498 partes?
1241 4429 1611 4499 Respondeo,
1644 4430 1758 4484 hoc
1780 4431 1993 4500 ipsum,
2037 4428 2193 4502 quod
2216 4432 2446 4503 flagitat
2468 4435 2629 4487 Deus

352 4630 383 4649 φ
1859 4614 1888 4629 *⁵1
