2820 4895
647 202 648 207 ¹
2043 201 2058 225 l

629 250 764 316 AD
827 246 1526 327 TIMO‘EHEUM
1586 250 1668 313 ll.
1734 249 1891 318 Cn».
1933 253 2053 331 I-V.
2106 278 2109 287 2
2316 250 2323 261 ⁸
2366 258 2507 335 3481*

182 423 311 492 pite
337 420 391 489 2,
418 420 509 475 17.
528 460 545 487 ,
601 436 784 491 quum
824 417 998 473 dicit:
1057 384 1403 488 Quinetiam
1440 419 1495 472 si
1528 418 1808 471 immolor
1831 418 2004 507 cyp-er
2032 419 2322 487 sacrificio
2354 414 2515 485 fides
2534 405 2547 413 β

185 502 417 557 vestra,
469 491 721 560 gaudem
783 482 937 551 Nam
969 488 1096 540 illic
1122 487 1431 557 intelligit,
1479 489 1657 547 fidem
1684 489 2148 560 Philippensium
2177 507 2297 543 non
2324 493 2499 547 aliter

184 571 383 615 morte
413 576 516 614 sua
548 562 839 615 sancitum
863 561 970 626 iri,
1023 576 1203 626 quam
1231 559 1414 611 caesis
1443 560 1691 612 victimis
1715 560 1956 617 foedera
1987 562 2125 614 olim
2152 563 2503 629 sancieban-¹

143 665 147 667 Δ
182 643 319 698 tur,
371 649 491 687 non
531 633 689 701 quod
719 633 784 684 in
822 641 1151 699 martyrum
1184 630 1514 682 constantia
1543 632 1781 699 proprie
1810 632 2056 685 fundata
2089 631 2496 689 sirfideinos-

184 715 317 757 trae
350 702 668 766 certitudo3
707 702 808 754 sed
840 703 977 770 quia
1004 717 1120 755 non
1152 716 1359 766 parum
1385 700 1475 757 ad,
1495 701 2001 771 confirmationem
2029 713 2295 756 nostram
2323 704 2503 767 valet.

185 773 501 826 Praeclaro
540 776 758 843 itaque,
784 772 973 841 elogio
1014 779 1266 821 mortem
1297 770 1591 822 suamhic
1622 773 1863 827 ornavit,
1888 773 2130 839 Paulus,
2185 790 2364 842 quum
2393 790 2494 824 vo-

187 845 346 907 cavit
383 844 684 895 doctrinae
726 853 876 913 suae¹
905 841 1304 906 sanctionem,
1355 850 1423 893 ut
1461 841 1597 907 inde
1633 842 1717 908 pii
1752 845 1937 909 magis
1982 843 2386 897 animarentur
2418 841 2498 897 ad·

186 914 726 982 perseverandum„
775 929 955 983 quam
1000 911 1399 976 labascerent,
1426 919 1527 978 ἰΙιιΔ
1551 927 1724 977 saepe
1764 912 1897 965 fieri
1937 913 2104 969 solet.
2146 952 2151 957 -
2205 971 2213 981 ,
2252 912 2495 978 Tempus

187 986 593 1050 resolutionis.
662 984 826 1035 Haec
866 992 1099 1050 quoque
1136 979 1398 1048 loquutio
1441 981 1704 1032 notanda
1738 988 1853 1048 es't,
1907 983 2050 1050 quia
2074 982 2369 1048 eleganter
2403 982 2495 1033 ni-

195 1052 386 1111 mium
414 1053 620 1111 mertis
651 1052 956 1103 horrorem
988 1052 1208 1115 elevat,
1259 1050 1377 1101 vim
1402 1059 1788 1120 naturamque
1820 1053 1938 1107 eius
1969 1052 2296 1109 indicando.
2322 1094 2327 1103 .
2376 1052 2501 1120 Qui.

185 1123 263 1174 fit
290 1122 477 1192 enim,
514 1132 580 1174 ut
603 1131 913 1191 tantopere
946 1129 1393 1173 consternentur
1423 1119 1689 1173 homines
1712 1122 1793 1172 ad
1818 1123 2081 1191 quamvis
2106 1122 2308 1174 mortis
2331 1119 2497 1189 menJ-

115 1191 125 1199 “
192 1193 452 1258 tionem,
504 1193 619 1245 nisi
652 1193 789 1262 quia
826 1191 1410 1257 inmune-cogitant
1433 1190 1779 1244 interitum?
1855 1195 2076 1244 Contra
2104 1192 2351 1259 Paulm,
2401 1208 2503 1251 ref

191 1263 551 1316 solutionem
582 1281 828 1329 vocans,
881 1271 1060 1330 negat
1087 1260 1388 1313 hominem
1421 1261 1698 1326 interire3
1750 1261 1851 1313 sed
1890 1265 2149 1327 animam
2188 1262 2419 1317 t'antum
2457 1278 2497 1313 a.

192 1349 441 1400 corpore
485 1352 588 1394 suo
629 1336 772 1391 solvi
817 1333 1007 1386 docet.
1090 1333 1278 1401 Atque
1318 1330 1434 1382 huc
1475 1333 1657 1398 facit,
1713 1333 1867 1403 quod
1909 1350 2107 1385 secure
2149 1331 2503 1400 pronuntiat,
2546 1392 2568 1404 ..

195 1396 423 1470 tempus
471 1406 727 1467 instare,
802 1403 959 1470 quod
1009 1402 1211 1454 facere
1262 1418 1381 1453 non
1431 1411 1623 1468 posset
1686 1403 1812 1454 sine
1856 1404 2079 1455 >mortis
2126 1411 2498 1470 contemptu.

193 1475 554 1542 Quanquam
597 1475 756 1535 enim
790 1473 888 1533 hic
926 1473 1212 1527 naturalis
1255 1480 1344 1525 est
1388 1470 1669 1536 affectus,
1723 1473 1823 1541 qui
1865 1475 1996 1525 exui
2029 1473 2093 1527 in
2123 1482 2504 1543 totum-nun-

181 1560 378 1611 ·quam
416 1553 638 1610 potest,
693 1552 759 1595 ut
793 1553 1040 1595 mortem
1081 1542 1333 1610 refugiat
1370 1540 1548 1594 homo
1591 1552 1765 1612 atque
1807 1541 2094 1616 horreat}
2138 1543 2253 1594 fide
2292 1552 2496 1607 tamen
2538 1605 2540 1610 ,

153 1635 160 1642 ’
189 1614 514 1669 vincendus
537 1623 625 1665 est
653 1623 842 1666 >metus
870 1613 971 1665 ille
989 1651 1006 1678 ,
1044 1629 1119 1663 ne
1147 1611 1468 1679 impediat,
1490 1614 1820 1682 ¹<faeminas
1849 1614 2191 1671 obedienter
2214 1611 2356 1669 hinc
2382 1613 2494 1666 mi-

189 1698 435 1754 gremus
452 1722 469 1751 ,
510 1685 740 1755 quoties
769 1702 876 1741 nos
904 1686 1068 1741 Deus}¹
1086 1682 1398 1734 vocaverit.
1890 1689 1899 1698 ’
2462 1700 2466 1705 ·

334 1786 387 1839 7.
458 1789 680 1837 Bonum
714 1799 1021 1837 certa-men.
1096 1785 1243 1853 Quia
1272 1783 1442 1850 vulgo
1473 1784 1624 1836 solet
1660 1801 1731 1836 ex
1773 1791 1980 1835 eventu
2017 1781 2151 1835 fieri
2193 1778 2507 1850 iudicium,-

242 1861 433 1907 cterat
465 1855 734 1907 damnari
760 1854 924 1906 Pauli
966 1861 1298 1920 certamen,
1352 1870 1535 1921 quum
1584 1855 1779 1906 minus
1816 1871 2062 1922 prosper
2104 1862 2256 1905 esset
2292 1854 2498 1908 exitus.

228 1925 336 1975 deo
375 1925 592 1993 iactat,
646 1925 1009 1992 praeclarum
1050 1938 1208 1991 esse,
1271 1925 1679 1996 qualecunque
1722 1925 1990 1977 videatur
2029 1923 2280 1989 mundo,
2313 1928 2318 1957 ³
2346 1940 2499 1993 quae

193 1995 557 2063 praedicatio
585 1997 831 2047 eximiae
858 1994 998 2046 fidei
1022 1994 1426 2047 testimonium
1456 2005 1564 2047 est.
1643 1996 1848 2064 Neque
1873 1995 2030 2046 enim
2056 2004 2288 2045 tantum
2317 1994 2500 2048 miser

196 2066 528 2117 habebatur
553 2062 761 2118 Paulus
802 2066 1065 2116 omnium
1109 2064 1414 2132 opinione3
1473 2065 1573 2116 sed
1611 2083 1763 2116 mors
1796 2064 2028 2133 quoque
2058 2063 2500 2131 eius¹probrosa

197 2138 401 2189 futura
450 2145 593 2188 erat.
669 2135 810 2207 Quis
852 2153 987 2205 ergo
1029 2152 1149 2185 non
1196 2134 1466 2201 dixisset,
1518 2137 1703 2201 ipsum
1747 2135 2068 2187 infeliciter
2107 2135 2501 2187 contendere?

196 2207 309 2259 Sed
337 2209 462 2276 ipse
490 2220 521 2258 a
548 2208 833 2276 perversis
860 2204 1165 2256 hominum
1195 2205 1432 2257 iudiciis
1457 2220 1577 2256 non
1607 2207 1845 2271 pendet,
1866 2206 2021 2275 'quin
2051 2206 2244 2274 potius
2271 2205 2501 2273 magni-

195 2278 403 2329 tudine
429 2279 610 2327 animi
638 2295 697 2330 se
724 2278 893 2346 erigit
924 2293 1098 2344 supra
1128 2291 1327 2325 omnes
1363 2274 1727 2327 calamitates
1747 2314 1763 2340 ‚
1802 2285 1865 2329 ut
1886 2276 2042 2327 nihil
2068 2270 2191 2327 eius
2221 2276 2501 2328 felicitati

202 2365 274 2398 ac
302 2347 521 2416 gloriae
550 2348 815 2412 obsistet.
890 2348 1204 2399 Certamen
1231 2345 1443 2413 igitur,
1489 2347 1644 2415 quod
1678 2348 1954 2411 cei-tavit,
1989 2346 2211 2398 bonum
2239 2355 2297 2397 et
2326 2346 2501 2397 deco-

199 2434 333 2471 rum
365 2435 486 2470 esse
514 2419 895 2486 pronuntiat,
951 2416 1214 2485 adeoque
1242 2416 1353 2469 sihi
1380 2415 1450 2467 de
1480 2426 1668 2469 morte
1693 2415 1819 2484 ipsa
1847 2417 2206 2485 gratulatur,
2263 2416 2398 2489 quia
2425 2416 2504 2468 sit

201 2489 385 2541 veluti
414 2487 611 2541 stadii*
640 2490 726 2540 sui
767 2498 941 2541 meta.
1009 2488 1235 2539 Scimus
1269 2497 1500 2551 autem,
1556 2498 1697 2538 tunc
1728 2486 1848 2536 voti
1882 2488 2183 2555 compotes
2210 2503 2333 2537 esse
2361 2503 2502 2538 cur·
2540 2517 2544 2534 ÷

200 2577 394 2623 sorem,
445 2577 627 2628 quum
654 2569 872 2611 metam
900 2557 1196 2626 assequuti
1222 2568 1377 2609 sunt.
1451 2558 1581 2609 Hoc
1608 2573 1839 2630 quoque
1864 2558 2035 2608 modo
2059 2557 2275 2609 Christi
2306 2558 2496 2609 athle-

143 2626 160 2652 ’·
202 2633 283 2684 tis
323 2640 575 2682 mortem
618 2648 741 2681 esse
779 2628 1096 2698 optabilem
1135 2626 1462 2697 significat,
1515 2628 1789 2697 quoniam
1815 2626 1987 2679 finiat
2015 2643 2218 2679 eorum
2247 2628 2500 2695 labores,

203 2710 265 2753 et
292 2701 466 2752 simul
494 2700 564 2752 ex‘
588 2701 827 2752 adverso
856 2701 1163 2765 admonet,
1203 2716 1499 2768 nunquam
1528 2716 1650 2751 esse
1679 2697 1881 2752 inhac
1911 2699 2029 2751 vita
2054 2698 2497 2768 quiescendum,

204 2772 343 2842 quia
380 2770 529 2823 nihil
555 2767 785 2840 prosit,
835 2788 870 2822 a
912 2769 1245 2830 carceribus
1289 2786 1474 2836 usque
1518 2770 1590 2820 ad
1635 2768 1939 2821 dimidium
1978 2771 2232 2836 spatium
2272 2778 2507 2828 strenue

205 2842 561 2905 cucurrisse,
599 2842 717 2893 nisi
746 2842 819 2891 ad
846 2847 1064 2894 metam
1092 2856 1271 2907 usque
1298 2850 1635 2907 perventum
1662 2839 1863 2891 fuerit.
1934 2839 2105 2909 Quod
2141 2839 2402 2908 sequitur
2430 2839 2527 2892 de‘

205 2914 328 2978 fide
366 2925 628 2978 servata,
680 2911 967 2979 duplicem
999 2918 1191 2978 potest
1224 2910 1441 2960 hahere
1479 2926 1741 2974 sensum,
1790 2908 1880 2959 vel
1914 2910 2065 2978 quod
2088 2909 2276 2960 fidelis
2304 2909 2375 2959 ad
2404 2926 2505 2968 ex·-

155 2989 164 2994 ‘
206 2979 463 3045 tremum
499 2980 679 3033 fuerit
705 2982 871 3034 miles
901 2975 1032 3034 duci
1058 2998 1160 3031 suo
1182 3018 1199 3045 ,
1250 2979 1342 3029 vel
1383 2981 1540 3049 quod
1581 2980 1644 3031 in
1668 2987 1832 3031 recta
1861 2978 2129 3031 doctrina
2157 2978 2517 3046 perstiterit.
2586 3009 2590 3020 ·

208 3052 469 3119 Uterque
494 3068 691 3103 sensus
719 3069 836 3102 non
868 3053 1022 3104 male
1052 3050 1378 3103 conveniet.
1447 3051 1525 3101 Et
1559 3059 1715 3101 certe
1752 3065 1872 3111 non
1910 3052 2082 3102 aliter
2115 3051 2307 3118 potuit
2340 3059 2506 3102 suam

210 3121 559 3174 fidelitatem
611 3124 937 3191 approbare
976 3123 1262 3185 Domino,
1295 3133 1498 3200 *quam
1544 3130 1882 3174 constanter
1918 3120 2252 3189 profitendo
2295 3136 2527 3187 puram·

212 3192 518 3261 Evangelii
550 3192 897 3246 doctrinam.
965 3194 1168 3259 Neque
1202 3200 1404 3241 tamen
1432 3191 1692 3256 dubito‚-
1723 3191 1964 3259 quin·ad
1991 3192 2232 3242 solenne
2258 3190 2506 3241 militiae

205 3261 615 3385 {usiurssndum
653 3264 907 3328 alludat,
954 3280 1025 3314 ac
1054 3263 1102 3314 si
1130 3261 1381 3325 diceret,
1440 3279 1498 3312 se
1524 3262 1772 3329 probum
1800 3271 1859 3313 et
1884 3260 2067 3316 fidum
2095 3261 2227 3312 duci
2256 3276 2359 3311 suo
2387 3261 2506 3312 mi-

232 3334 378 3385 item
436 3331 607 3385 uisse.
1160 3362 1165 3368 ·
2201 3345 2205 3353 ’

348 3435 398 3487 8.
476 3434 643 3500 Quod
680 3448 955 3499 superest.
1032 3432 1217 3488 Sicuti
1244 3441 1303 3484 et
1328 3431 1399 3482 <le
1428 3434 1748 3488 certamine
1781 3450 1883 3484 suo
1915 3439 1974 3483 et
2003 3448 2173 3483 cursu
2210 3429 2507 3498 completo
2586 3467 2593 3474 -

211 3513 273 3555 et
313 3504 430 3555 fide
474 3511 701 3554 servata
744 3502 1025 3570 gloriatus
1064 3515 1183 3569 est,
1235 3504 1319 3554 ita
1356 3519 1512 3568 nunc
1540 3522 1604 3555 se
1634 3522 1753 3555 non
1781 3505 2001 3555 frustra
2028 3504 2321 3553 laborasse
2350 3500 2509 3551 affir-

207 3584 355 3627 met.
422 3575 621 3625 Potest
648 3573 805 3623 enim
832 3572 961 3623 fieri
980 3611 996 3639 ,
1037 3584 1101 3626 ut
1131 3583 1431 3633 strenuam
1462 3576 1588 3642 quis
1617 3589 1853 3643 operam
1877 3582 2080 3637 navet,
2117 3570 2384 3623 mercede
2411 3578 2510 3621 ta·-

210 3660 351 3702 men
383 3644 495 3695 sibi
538 3643 734 3694 debita
772 3644 1103 3695 frustretur.
1174 3646 1251 3698 At
1276 3644 1487 3713 Paulus
1519 3658 1739 3702 certam
1767 3645 1879 3698 sibi
1904 3641 2387 3698 esse-mercedem
2418 3640 2508 3691 di-

210 3716 313 3767 cit.
385 3715 548 3765 Haec
581 3719 778 3767 autem
808 3711 1099 3765 certitudo
1127 3714 1263 3766 inde
1292 3714 1380 3764 illi
1407 3726 1675 3782 constat,
1712 3716 1867 3782 quod
1898 3710 2096 3766 oculos
2126 3712 2199 3762 ad
2228 3712 2384 3762 diem
2408 3727 2510 3763 re-

209 3784 596 3837 surrectionis
633 3781 951 3850 convertit,
1002 3784 1159 3853 quod
1185 3784 1343 3835 idem
1372 3786 1539 3837 nobis
1570 3787 1855 3854 agendum
1887 3794 1994 3836 est.
2066 3782 2221 3833 Nam
2249 3782 2510 3834 circum-

212 3856 374 3907 circa
414 3854 565 3906 nihil
605 3855 766 3905 aliud
793 3865 1035 3923 apparet
1069 3871 1246 3923 quam
1275 3871 1460 3906 morsz
1515 3874 1648 3925 ergo
1690 3874 1810 3907 non
1847 3854 2123 3905 debemus
2162 3850 2406 3904 haerere
2444 3851 2512 3901 in

183 3926 418 3982 [mundi
446 3926 757 3990 adspectu,
808 3925 908 3975 sed
942 3926 1134 3991 potius
1162 3923 1382 3977 Christi
1427 3925 1741 3978 adventum
1783 3924 1952 3976 nobis
1990 3927 2332 3990 proponere.
2418 3922 2512 3972 Ita
2578 3985 2583 3994 ‚

209 3998 348 4061 fiet,
396 4008 462 4048 ut
502 3994 649 4047 nihil
691 4002 924 4046 nostrae
956 3994 1229 4047 felicitati
1260 3994 1513 4063 deroget.
1588 3999 1904 4048 Caeterum
1945 3993 2083 4061 quia
2126 4001 2187 4043 et
2235 4008 2512 4046 coronam

213 4066 489 4121 iustitiae
516 4075 576 4116 et
603 4067 823 4116 iustum
856 4065 1103 4116 iudicem
1140 4067 1435 4131 nominat,
1489 4076 1548 4116 et
1577 4067 1874 4119 Reddenda·
1903 4064 2081 4115 verbo
2109 4063 2323 4126 utitur,
2371 4058 2513 4110 hinc

216 4151 464 4205 operum
492 4137 706 4187 merita
738 4133 1006 4185 adversus
1023 4135 1134 4187 Dei
1161 4136 1416 4202 gratiam
1445 4145 1733 4186 conantur
1748 4135 2017 4204 Papistae
2048 4132 2373 4189 adstruere3
2411 4128 2515 4179 sed

214 4205 406 4259 futilis
454 4215 540 4257 est
582 4201 1349 4276 ipsorum‘argumentatim
1418 4208 1619 4274 Neque
1658 4207 1814 4257 enim
1854 4203 2110 4273 gratuita
2153 4197 2511 4264 iustificatiO,

217 4275 568 4345 quaenobis
602 4291 705 4343 per
735 4273 915 4326 fidem
940 4274 1273 4342 confertur,
1295 4317 1299 4324 .
1324 4290 1458 4342 curn
1490 4292 1732 4345 operum
1765 4273 2235 4328 remuneratione
2274 4277 2514 4340 pugnat,

213 4347 366 4417 ,quin
434 4345 587 4399 otius
614 4344 730 4398 rite
758 4346 1117 4398 conveniunt
1141 4345 1255 4400 ista
1280 4344 1392 4399 duo
1409 4367 1425 4400 ε
1456 4348 1637 4416 gratis
1662 4345 1971 4399 iustificari
1992 4343 2287 4396 hominem
2298 4338 2547 4396 Christi,

217 4416 295 4474 be
417 4418 550 4486 cio,
602 4425 664 4473 et
685 4427 888 4492 tamen
916 4417 1519 4486 operummemedem
1556 4434 1758 4472 comam
1787 4418 1915 4470 Deo
1952 4415 2293 4470 relaturum.
2362 4409 2520 4464 Nam
