2820 4895
426 283 557 388 228

582 575 715 643 IN
752 573 1241 648 PRIOREM
1278 543 1632 642 'PAULI
1690 573 1827 639 An
1885 521 2573 645 T-imo'rnsstim

597 740 605 748 ·
1252 709 1913 766 ARGUMENTUM.

432 866 640 973 H'anc
668 915 983 990 epistolam
1005 919 1260 972 aliorum
1287 916 1483 990 magis
1513 937 1687 991 quam
1704 918 2012 972 Timothei
2035 936 2210 973 causa
2231 920 2522 991 scriptam
2543 918 2700 974 fuisse
2755 974 2758 979 ,

433 993 669 1046 iudico:
712 1000 771 1042 et
796 990 942 1041 mihi
973 988 1389 1055 assentientur,
1428 990 1528 1058 qui
1553 990 1873 1057 diligenter
1895 979 2099 1042 ‘omnia
2125 990 2539 1070 expenderint.
2586 992 2698 1041 Non

389 1091 397 1096 ·
437 1062 711 1132 equidem
739 1076 892 1126 nego
914 1097 930 1125 ,
983 1058 1125 1127 quin
1159 1058 1284 1110 eius
1314 1075 1550 1127 quoque
1580 1058 1834 1110 docendi
1862 1069 1922 1111 et
1949 1061 2223 1112 monendi
2255 1060 2699 1114 rationemPau—

433 1133 527 1184 lus
555 1126 867 1181 habuerit:
916 1131 1015 1178 sed
1043 1128 1228 1179 multa
1255 1127 1353 1179 hic
1376 1128 1681 1179 contineri
1711 1129 1867 1193 dico,
1921 1145 2072 1197 quae
2106 1129 2546 1196 supervacuum
2580 1127 2702 1178 fuis·

434 1210 526 1262 set
567 1197 861 1263 scribere,
908 1197 962 1262 si
1011 1213 1144 1247 cum
1186 1196 1316 1248 solo
1360 1185 1676 1250 Timotheo
1722 1197 2031 1250 habuisset
2072 1200 2395 1265 negotium.
2487 1195 2701 1250 Iuvenis

370 1297 373 1302 ·
436 1279 599 1334 erat,
645 1264 912 1318 nondum
947 1281 1011 1315 ea
1041 1263 1402 1318 auctoritate
1428 1265 1786 1331 instructus,
1837 1282 1986 1334 quae
2009 1265 2319 1318 sufficeret
2345 1266 2418 1318 ad
2445 1267 2702 1318 cohiben-

435 1341 543 1390 dos
578 1336 848 1389 homines
886 1343 1229 1402 protervos,
1280 1334 1383 1403 qui
1417 1344 1624 1385 contra
1648 1333 2048 1403 insurgerent.
2136 1338 2397 1404 Apparet
2426 1344 2622 1389 autem
2646 1348 2702 1384 ex

434 1406 609 1464 Pauli
638 1403 866 1476 verbis,
919 1402 1100 1453 fuisse
1129 1412 1275 1455 tunc
1302 1403 1670 1469 nonnullos,
1723 1404 1854 1472 qui,
1896 1420 2080 1473 quum
2108 1403 2509 1456 ostentatione
2537 1402 2703 1472 polle·

435 1485 609 1540 rent,
658 1490 783 1525 non
812 1473 1069 1523 libenter
1101 1471 1291 1523 cuivis
1315 1481 1486 1525 erant
1516 1472 1770 1527 cessuri:
1823 1475 1922 1543 qui
1956 1483 2121 1525 tanta
2159 1472 2368 1525 deinde
2404 1474 2702 1526 ambitione

432 1544 768 1615 flagrabant
787 1579 803 1607 ,
844 1551 910 1591 ut
942 1540 1175 1592 nullum
1201 1540 1529 1597 turbandae
1559 1541 1866 1595 Ecclesiae
1894 1541 2071 1594 finem
2099 1542 2320 1594 facturi
2354 1553 2569 1604 essent,
2603 1538 2703 1591 nisi

478 1612 729 1683 uispiam
757 1611 945 1668 maior
973 1596 1283 1663 Timotheo
1313 1626 1377 1661 se
1404 1610 1832 1678 interponeret,
1906 1616 2163 1679 Apparet
2187 1611 2501 1677 similiter,
2538 1610 2712 1665 multa*

435 1635 656 1753 {phesi
683 1679 866 1732 fuisse
892 1678 1344 1744 constituenda,
1391 1696 1542 1749 quae
1576 1678 1742 1734 Pauli
1761 1680 2069 1742 ‚calculum
2094 1690 2152 1731 et
2179 1697 2403 1731 nomen
2437 1682 2701 1733 desidera·

433 1760 597 1808 rent.
667 1751 751 1802 Er
798 1763 830 1798 o
875 1764 1055 1817 quum
1085 1746 1465 1800 Timotheum
1510 1747 1710 1802 multis
1752 1747 1825 1800 de
1867 1750 2046 1800 rubus
2090 1765 2332 1801 monere
2369 1749 2622 1801 haberet
2651 1745 2703 1797 in

435 1823 668 1885 animo,
715 1835 782 1877 su
866 1817 990 1872 eius
1031 1832 1267 1887 quoque
1306 1816 1552 1869 nomine
1587 1817 1735 1869 alios
1774 1818 1980 1870 eadem
2016 1831 2197 1887 opera
2240 1835 2488 1870 monere
2518 1815 2701 1871 voluit.

438 1891 524 1946 Ac
564 1887 762 1959 primo
804 1885 1040 1956 quidem
1083 1887 1282 1955 capite
1324 1885 1601 1939 adversus
1639 1885 1922 1955 quosdam
1963 1887 2318 1940 ambitiosos
2356 1897 2583 1952 armat,
2619 1884 2702 1954 qui

437 1959 604 2014 vanis
654 1955 1096 2027 quaestionibus
1144 1953 1431 2023 agitandis
1484 1957 1545 2008 se
1597 1955 1999 2011 venditabant.
2091 1953 2205 2007 Eos
2239 1973 2430 2024 porro
2469 1957 2703 2007 ludaeos

430 2024 858 2092 fuissecolligi
889 2032 1124 2092 potest,
1178 2024 1313 2094 qui,
1367 2040 1551 2094 quum
1582 2024 1757 2092 Legis
1784 2025 1977 2077 zelum
2004 2024 2385 2096 simularent,
2443 2027 2703 2093 neglecta

424 2094 1162 2162 'aedificationeffitantum
1199 2093 1464 2158 curiosas
1500 2092 1930 2161 disputationes
1970 2094 2348 2162 ingerebant.
2420 2095 2586 2145 Haec
2619 2108 2704 2162 ap·

436 2177 564 2220 tem
591 2162 932 2235 profanatio
962 2173 1050 2214 est
1075 2163 1244 2231 Legis
1271 2161 1388 2213 Dei
1420 2161 1667 2213 minime
1697 2162 1941 2222 ferenda
1964 2200 1980 2230 ,
2021 2179 2091 2213 ex
2119 2180 2187 2214 ea
2215 2162 2373 2215 nihil
2402 2165 2703 2230 excerpere

436 2235 599 2308 quod
625 2233 845 2302 prosit}
896 2231 996 2283 sed
1022 2240 1261 2284 tantum
1281 2231 1585 2297 garriendi
1616 2232 1935 2301 materiam
1968 2239 2236 2301 captare,
2271 2230 2524 2302 eiusq'ue
2554 2218 2724 2300 prae-⁸

435 2313 606 2359 textu
627 2301 702 2354 ad
732 2300 1093 2353 onerandam
1122 2298 1357 2352 frivolis
1387 2300 1557 2367 nugis
1588 2301 1930 2354 Ecclesiam.
1952 2301 2139 2352 abuti.
2225 2301 2571 2355 Cuiusmodi
2606 2298 2702 2351 sci·

434 2374 588 2427 licet
619 2369 967 2439 corruptela
1001 2368 1270 2437 pluribus
1305 2384 1482 2438 quam
1511 2368 1780 2437 oportuit
1808 2367 2054 2421 saeculis
2085 2371 2357 2438 regnavit
2381 2370 2445 2423 in
2474 2371 2701 2440 Papatu.

439 2440 595 2524 Quid
636 2438 800 2494 enim
840 2437 1004 2491 aliud
1040 2436 1158 2492 fuit
1198 2436 1553 2490 scholastica
1594 2438 1933 2508 theologia,
1987 2441 2161 2508 quam
2202 2437 2556 2493 immensum
2593 2439 2703 2491 ina-

408 2527 611 2567 nnium
654 2522 717 2562 et
757 2502 934 2560 nihili
971 2506 1449 2575 speculationum
1488 2507 1663 2558 chaos
1681 2506 1718 2559 2·
1763 2522 1776 2535 ³
1808 2511 1883 2561 Et
1925 2509 2102 2565 hodie
2146 2518 2381 2565 exstant
2422 2509 2699 2579 plerique,

436 2579 582 2651 qni,
629 2586 698 2632 ut
738 2584 989 2629 acumen
1027 2590 1201 2628 suum
1239 2586 1537 2628 ostentent
1565 2576 1628 2637 in
1659 2576 1970 2629 tractando
1999 2577 2115 2628 Dei
2146 2579 2361 2642 verbo,
2401 2595 2517 2630 non
2551 2591 2702 2629 secus
2771 2618 2778 2633 ,

438 2668 509 2704 ac
533 2647 596 2699 in
620 2647 875 2717 profana
899 2643 1280 2715 philosophia
1305 2638 1517 2698 ludere
1539 2645 1653 2696 sihi
1683 2646 2090 2715 permittunt.-
2147 2646 2220 2698 In
2251 2645 2545 2699 eiusmodi
2570 2644 2698 2713 vitio

439 2714 820 2786 coarguendo
846 2719 1242 2782 auctoremse
1260 2713 1576 2765 Timotheo
1604 2714 1926 2783 profitetur
1939 2716 2148 2768 Paulus
2165 2752 2183 2782 ,
2215 2726 2280 2768 >et
2305 2716 2451 2786 quid
2476 2732 2545 2768 ex
2561 2717 2700 2783 Lege

368 2792 371 2795 ‘
437 2781 761 2858 praecipue
786 2781 1129 2835 discendum
1154 2782 1258 2849 sit,
1294 2782 1601 2839 admonete
1650 2792 1716 2835 ut
1742 2786 2024 2852 appareat
2048 2784 2227 2865 Legis
2255 2802 2380 2836 esse
2407 2791 2701 2850 corrupto·

408 2868 571 2922 'res,
623 2855 830 2924 quiea
853 2868 1018 2906 secus
1045 2860 1317 2904 utuntur.
1352 2888 1357 2891 -
1406 2852 1591 2902 Porro
1619 2853 2093 2922 ne‘contemptus'
2127 2854 2338 2905 sit‘sua
2377 2853 2698 2916 auctoritas,

435 2935 754 2998 postquam
780 2921 1206 2988 indignitatem
1229 2937 1391 2993 suam
1421 2920 1720 2985 confessus
1750 2931 1838 2992 est
1856 2960 1874 2986 ,
1922 2922 2104 2977 simul
2130 2922 2324 2992 qualis·
2345 2939 2478 2985 esse
2504 2936 2702 2990 coepe-

436 2996 520 3047 rit
546 3010 654 3062 per
680 2991 796 3043 Dei
823 2991 1077 3063 gratiam
1098 3027 1114 3056 ,
1154 2989 1485 3042 honorifice
1511 2990 1833 3059 praedicat.
1907 2984 2172 3042 Tandem
2203 2998 2382 3060 caput
2414 2989 2701 3042 concludit

439 3063 613 3134 gravi
654 3059 1136 3126 denuntiatione,
1200 3075 1316 3129 qua
1349 3070 1408 3110 et
1444 3058 1937 3111 Timotheum’in
1965 3076 2114 3112 ‘sana
2155 3060 2427 3114 doctrina
2466 3070 2524 3112 et
2562 3060 2701 3110 bona

439 3130 816 3185 conscientia
839 3129 1182 3181 confirmat:
1223 3138 1281 3180 et
1306 3127 1420 3180 alio
1432 3146 1462 3180 s.
1482 3136 1696 3196 terret,¹
1727 3128 2039 3198 proposito
2057 3129 2460 3198 Hymenaeiset
2476 3129 2703 3185 Alexan·

440 3200 540 3254 dri
591 3198 887 3267 exemplo.
979 3195 1254 3250 Secundo
1302 3194 1499 3264 capite
1519 3190 1713 3250 ‘iubet
1765 3197 1969 3250 omnes
2009 3198 2084 3250 ‘in
2134 3199 2414 3266 precihus
2460 3195 2702 3267 publicis

369 3324 379 3331 ⁸
441 3265 849 3323 commendari
875 3267 1003 3318 Deo
1023 3302 1039 3335 ,
1076 3275 1136 3316 et
1162 3266 1518 3318 nominatim
1543 3264 1855 3335 Principes
1894 3284 1963 3318 ac
1988 3268 2401 3336 Magistratus:
2454 3267 2561 3320 ubi
2591 3262 2703 3316 obi·

438 3347 535 3392 ter
563 3335 746 3388 etiam
772 3333 1051 3405 attingit,
1094 3335 1234 3403 quid
1260 3334 1546 3386 utilitatis
1584 3335 1875 3404 percipiat
1911 3336 2161 3388 mundus
2201 3352 2269 3388 ex
2306 3335 2473 3389 civili
2506 3335 2704 3407 guber-

348 3402 349 3415 *
439 3407 705 3458 natione.
787 3404 911 3456 Gur
935 3411 1135 3455 autem
1165 3420 1271 3470 pro
1299 3402 1571 3455 omnibus
1597 3404 1839 3472 concipi
1871 3404 2136 3473 debeant,
2150 3421 2383 3473 preces,
2428 3405 2585 3458 ratio
2616 3400 2705 3455 ad·

445 3475 632 3539 ditur,
667 3470 807 3543 quia
820 3472 1005 3537 Deus,
1039 3471 1440 3540 Evangelinm.
1462 3472 1733 3524 omnibus
1757 3473 2067 3525 offerendo
2096 3473 2473 3527 etChristum
2500 3472 2704 3525 media·

442 3551 668 3607 torem,
708 3556 912 3592 omnes
935 3557 998 3592 se
1028 3539 1177 3591 velle
1207 3540 1400 3591 salvos
1424 3539 1559 3591 fieri
1586 3541 1968 3594 demonstret.
2015 3541 2172 3612 quod
2203 3541 2379 3594 etiam
2407 3543 2704 3597 confirmat

444 3629 479 3664 a
503 3627 610 3665 suo
628 3610 996 3679 Apostolatu,
1034 3608 1134 3678 qui
1153 3607 1444 3675 Gentibus
1469 3604 1711 3676 proprie
1738 3609 2066 3663 destinatus
2096 3619 2249 3661 erat.
2323 3612 2466 3664 Inde
2498 3624 2705 3670 omnes,

448 3680 856 3748 cuiuscunque
897 3679 1017 3731 sint
1053 3678 1177 3729 loci
1213 3686 1331 3730 aut*
1356 3677 1649 3746 regionis,
1699 3680 1771 3729 ad
1794 3680 1986 3730 Deum
2028 3679 2317 3732 orandum
2355 3679 2603 3738 invitat:
2648 3682 2704 3728 et'

445 3749 562 3802 hac
604 3747 944 3814 occasione,
995 3747 1231 3816 qualem
1276 3738 1634 3798 modestiam
1674 3757 1735 3798 et
1773 3747 2207 3800 subiectionem
2239 3747 2306 3798 in
2340 3764 2507 3813 sacro
2542 3755 2705 3801 coetu

446 3833 590 3888 prae
627 3833 689 3868 se
725 3817 888 3868 ferre
927 3816 1182 3869 debeant
1216 3815 1847 3880 m'ulieres,·disserit.
1919 3818 2126 3885 Capite
2158 3816 2374 3880 t'ertio,
2426 3815 2530 3869 ubi
2558 3812 2705 3867 indi·

448 3885 642 3952 cavit,
686 3902 864 3955 quam
901 3884 1274 3953 praeclarum
1315 3883 1393 3937 sit
1426 3900 1635 3935 munus
1673 3885 2079 3959 episcopatus,
2128 3902 2331 3937 verum
2358 3886 2704 3953 Episcopum

385 3990 389 4001 .
448 3953 754 4024 depingit,
809 3971 874 4005 ac
903 3954 1068 4006 dotes
1099 3961 1440 4018 enumerat,
1492 3968 1642 4020 quae
1674 3953 1738 4002 in
1774 3970 1844 4003 eo
1875 3954 2271 4022 requiruntur.
2340 3955 2549 4006 Postea
2572 3967 2702 4021 qua·

444 4023 535 4076 les
572 4038 698 4074 esse
733 4022 984 4075 debeant
1010 4021 1267 4074 Diaconi
1309 4030 1369 4073 et
1407 4035 1619 4073 uxores
1644 4029 1767 4073 tam
1795 4022 2012 4073 horum
2038 4038 2210 4091 quam
2232 4019 2531 4088 illorum,’
2552 4034 2703 4089 prae-

448 4089 679 4145 scribit.
764 4092 847 4142 Ac
871 4107 986 4159 quo
1017 4090 1149 4156 plus
1178 4090 1526 4158 diligentiae
1554 4106 1624 4140 ac
1654 4090 1968 4161 religionis
1989 4091 2063 4141 ‘in
2097 4091 2370 4143 omnibus
2401 4091 2702 4142 observari·
2768 4106 2772 4111 ·

448 4160 534 4213 dis
570 4156 848 4211 adhibeat
872 4158 1253 4222 Timotheus,
1295 4158 1532 4209 reducit
1572 4158 1664 4210 illi
1704 4159 1769 4209 in
1807 4161 2194 4226 memoriam,
2244 4157 2387 4228 quid
2412 4159 2487 4210 sit
2512 4158 2574 4209 in
2601 4157 2702 4207 Ec-

448 4228 669 4287 clesiae
712 4225 1253 4292 administratione,
1299 4243 1448 4295 quae
1488 4227 1697 4278 domus
1723 4228 1840 4279 Dei
1885 4238 1974 4280 est
2003 4244 2071 4278 ac
2108 4230 2383 4282 columna
2423 4224 2700 4285 veritatis,

445 4288 694 4351 versari.
786 4296 1053 4360 Tandem
1098 4295 1285 4347 totius
1330 4286 1601 4346 coeles'tis
1646 4294 1959 4347 doctrinae
1997 4298 2385 4366 praecipuum
2431 4305 2606 4364 caput
2644 4298 2701 4342 et

445 4364 615 4436 quasi
645 4364 946 4417 cardinem
977 4365 1051 4415 de
1075 4363 1224 4416 Filio
1241 4363 1353 4416 Dei
1377 4363 1440 4414 in
1468 4379 1645 4415 carne
1669 4364 2047 4417 manifestato
2077 4375 2536 4418 commemorat:
2573 4374 2700 4432 prae

447 4449 567 4505 quo
602 4432 840 4505 reliqua
873 4431 1075 4489 omnia
1092 4467 1112 4502 ,
1160 4433 1380 4503 quilius
1403 4432 1546 4493 solis
1572 4431 1885 4492 immorari
1907 4433 2149 4488 videbat
2174 4433 2478 4505 homines,
2514 4441 2697 4487 osten·

1042 4527 1059 4557 i
1859 4548 1862 4553 .
2478 4550 2482 4554 .
