2820 4895
367 277 507 341 1³2·
728 229 748 274 ‘
846 355 851 360 ,
922 259 1034 340 ω
1091 259 1708 360 EPls'TOLAE
1753 259 2083 360 esum

296 471 307 486 .
368 440 681 499 Christum
716 452 843 492 esse
883 433 1059 492 nobis
1101 429 1334 499 omnia,
1380 440 1551 487 extra
1587 430 1784 502 ipsum
1820 427 1977 486 nihil
2011 448 2122 487 nos
2162 430 2404 486 hahere.
2472 430 2676 487 Unda

366 512 673 583 sequitur,
725 505 1063 587 quicunque
1097 501 1338 554 Christo
1375 493 1726 572 derogant,⁴
1752 501 1847 552 vel
1885 500 2415 556 imminuunteius
2457 500 2651 554 virtu·

365 595 524 647 tem,
559 578 654 632 vel
680 591 803 628 suis
834 573 1047 626 officiis
1076 588 1210 624 eum
1234 570 1532 639 spoliant,
1582 569 1677 622 vel
1713 569 1968 638 denique
2011 586 2080 621 ex
2123 570 2235 622 hac
2270 568 2649 637 plenitudine

366 660 604 721 guttam
645 644 943 710 delibant,
994 657 1094 702 eos
1132 649 1422 711 quantum
1459 640 1523 691 in
1555 654 1619 691 se
1660 646 1783 709 est,
1834 649 2149 691 aeternum
2185 638 2301 692 Dei
2331 637 2652 692 consilium

364 718 750 773 labefactare.
990 729 997 740 ‘

372 779 381 800 ⁵
424 799 429 804 ·
503 787 592 837 20.
665 788 742 837 Et
777 799 878 846 per
906 780 1096 845 ipsum
1131 776 1511 840 reconciliare
1547 776 1743 829 omnia
1780 776 1919 829 sibi.
1990 775 2122 829 Hoc
2153 793 2387 846 quoque
2414 774 2651 845 magni-

363 858 548 911 ficum
586 861 679 907 ast
718 848 942 902 Christi
982 846 1273 914 elogium,
1334 844 1490 913 quod
1527 861 1652 896 non
1689 843 1863 898 aliter
1901 861 2076 915 quam
2118 862 2224 912 per
2262 846 2454 925 ipsum
2500 862 2649 897 con-

258 939 264 946 ·
350 924 554 980 „iuncti
587 938 717 974 esse
744 920 872 971 Deo
905 917 1249 986 possumus.
1320 913 1587 964 Primum
1616 923 1991 982 reputemus,
2028 912 2091 964 in
2119 909 2235 966 hoc
2262 923 2442 966 sitam
2465 913 2649 965 nobis

365 1012 495 1048 esse
532 990 911 1052 felicitatem,
970 993 1035 1036 ut
1075 985 1208 1035 Deo
1247 981 1707 1035 adhaereamus:
1764 998 1968 1035 rursus
2011 982 2166 1035 nihil
2206 1001 2327 1037 esse
2366 981 2649 1035 miserius

362 1078 544 1134 ‘quam
587 1059 768 1122 abeo
812 1072 941 1107 esse
974 1052 1287 1104 alienatos.
1370 1050 1732 1102 Pronuntiat
1763 1049 1953 1119 igitur
1979 1067 2088 1103 nos
2118 1067 2224 1120 per
2250 1051 2442 1103 solum
2472 1050 2651 1108 Chri-

364 1142 526 1186 stum
562 1129 767 1181 beatos
800 1140 958 1188 esse,
1007 1120 1150 1190 quia
1185 1120 1317 1189 ipse
1351 1119 1657 1172 vinculum
1690 1118 1766 1170 sit
1797 1128 2039 1172 nostrae
2066 1137 2203 1172 cum
2229 1121 2360 1172 Deo
2392 1120 2649 1172 coniun-

365 1196 620 1255 ctionis:
670 1209 872 1248 rursus
908 1198 1073 1242 extra
1112 1188 1131 1239 i
1178 1206 1304 1241 sum
1351 1203 1481 1239 esse
1521 1187 1924 1256 miserrimos,
1971 1189 2074 1259 qui
2103 1206 2137 1241 a
2163 1190 2294 1241 Deo
2329 1189 2505 1240 simus
2543 1205 2647 1240 ex·-

365 1269 541 1325 clusi.
635 1262 808 1334 Quod
850 1267 1052 1328 autem
1090 1258 1134 1308 C
1183 1255 1326 1308 risto
1364 1254 1616 1321 tribuit,
1673 1258 2126 1310 meminerimus
2172 1273 2295 1310 esse
2339 1260 2463 1310 eius
2499 1250 2676 1325 pro-⁸

362 1337 591 1409 prium:
627 1342 696 1386 ut
716 1330 781 1383 in
807 1328 1039 1382 nullum
1066 1326 1247 1377 alium
1272 1322 1447 1378 huius
1472 1324 1657 1396 laudis
1681 1325 1880 1394 portio
1909 1326 2365 1388 transcribatur.
2438 1327 2660 1398 Quare⁸
2691 1327 2696 1328 ⁷

294 1433 298 1437 ·
364 1401 805 1462 subaudiendae
843 1408 984 1451 sunt
1022 1393 1384 1447 antitheses:
1428 1395 1479 1446 si
1507 1393 1654 1445 haec
1682 1393 1906 1446 Christi
1936 1395 2345 1463 praerogativa
2375 1403 2494 1461 est,
2529 1393 2649 1447 mi·

362 1476 523 1528 nime
549 1473 615 1524 in
640 1470 790 1526 alios
818 1473 1181 1534 competere.
1259 1462 1417 1514 Nam
1441 1479 1514 1515 ex
1543 1460 1806 1530 professo
1839 1462 2103 1530 disputat
2130 1473 2340 1516 contra
2369 1480 2516 1530 eos,
2535 1460 2650 1532 qui

363 1540 619 1611 Angelos
647 1535 1069 1612 pacificatores
1096 1530 1426 1601 fingebant,
1469 1548 1575 1598 per
1602 1548 1748 1600 quos
1777 1531 1966 1584 aditus
2034 1531 2307 1586 atefieret
2335 1531 2407 1583 ad
2426 1533 2645 1587 Deum.

361 1608 746 1678 Pacificundo
772 1602 1233 1671 peu-„sanguinem
1261 1600 1452 1652 crucis
1477 1599 1619 1651 eius.
1690 1600 1781 1651 De
1796 1601 1972 1652 Patre
2028 1601 2287 1669 oquitur,
2317 1601 2476 1671 quod
2500 1616 2646 1669 pro·

360 1680 601 1751 pitiatus
646 1672 836 1728 fuerit
872 1670 993 1724 suis
1028 1668 1319 1722 creaturis
1356 1683 1467 1736 per
1505 1666 1729 1720 Christi
1770 1669 2142 1738 sanguinem.
2214 1672 2402 1721 Vocat
2437 1678 2643 1721 autem

359 1745 716 1817 sanguinem
743 1739 969 1799 crucis:
1005 1738 1146 1808 quia
1172 1737 1309 1789 ideo
1339 1737 1548 1804 pignus
1576 1744 1637 1787 et
1665 1737 1923 1804 pretium
1952 1748 2190 1790 nostrae
2217 1754 2354 1791 cum
2372 1739 2500 1790 Deo
2533 1753 2642 1805 pa-

363 1813 714 1874 cificationis
744 1810 860 1864 fuit
882 1808 1119 1877 sanguis
1138 1805 1378 1869 Christi,
1420 1804 1560 1874 quia
1587 1804 1649 1856 in
1678 1822 1860 1858 cruce
1890 1806 2072 1860 fusus.
2129 1805 2447 1858 victimam
2475 1805 2644 1863 enim.

362 1882 760 1955 expiatricem
796 1877 928 1931 fieri
971 1873 1243 1942 oportuit
1268 1874 1381 1925 Dei
1406 1874 1660 1941 Filium,
1712 1884 1771 1926 et
1800 1875 2034 1943 peccati
2063 1884 2295 1928 reatum
2322 1877 2641 1943 sustinere,

288 1965 291 1966 ’
362 1963 434 2008 ut
466 1966 722 2005 essemus
752 1944 982 2000 iustitia
1005 1943 1120 1997 Dei
1145 1943 1207 1995 in
1233 1940 1367 1995 illo.
1449 1942 1702 2022 Sanguis
1746 1958 1890 2011 ergo
1933 1944 2125 1996 crucis
2160 1946 2505 2014 sanguinem
2542 1960 2642 1995 sa-

362 2020 584 2077 crificii
610 2019 661 2071 si
702 2016 938 2079 nificat,
980 2013 1136 2083 quod
1166 2009 1543 2064 immolatum
1571 2028 1635 2063 in
1663 2028 1837 2071 cruce
1860 2012 1976 2081 fuit
2001 2014 2072 2065 ad
2100 2013 2453 2080 placandum
2482 2014 2643 2066 iram

357 2091 498 2146 Dei.
572 2089 658 2141 Ad
701 2085 851 2138 endo
882 2084 993 2135 Per
1016 2083 1204 2149 ipsum
1231 2078 1379 2159 nihil
1403 2096 1625 2135 novum
1649 2080 1881 2147 dicere,
1919 2082 2022 2133 sed
2047 2082 2199 2151 quod
2225 2082 2350 2134 iam
2378 2082 2640 2148 dixerat,

361 2158 586 2213 certius
627 2154 990 2226 exprimere,
1047 2159 1106 2201 et
1145 2149 1325 2220 altius
1365 2150 1689 2208 etiamnum
1727 2147 1943 2201 animis
1987 2149 2204 2203 nostris
2242 2151 2493 2219 infigere
2534 2166 2642 2202 vo-

357 2228 512 2283 luit:
557 2241 771 2304 nempe
793 2222 880 2274 sic
909 2217 1215 2272 Christum
1238 2234 1429 2270 unum
1458 2217 1972 2274 reconciliationis
2010 2236 2135 2271 esse
2167 2228 2474 2271 auctorem
2497 2256 2513 2285 ,
2562 2226 2638 2272 ut

361 2296 480 2350 alia
504 2309 745 2365 quaevis
773 2287 965 2344 media
997 2286 1290 2352 excludat.
1359 2287 1551 2339 Nemo
1580 2287 1737 2342 enim
1768 2284 1920 2339 alius
1945 2304 2056 2356 pro
2084 2283 2272 2341 nohis'
2293 2288 2636 2341 crucifixus.

357 2363 523 2434 Ergo
566 2362 697 2433 ipse
720 2360 889 2412 'solus
932 2362 1019 2410 est
1058 2372 1166 2424 per
1201 2371 1379 2425 quem
1406 2353 1465 2406 'et
1494 2355 1661 2407 cuius
1689 2355 1882 2424 gratia
1905 2357 2100 2409 Deum
2124 2357 2404 2409 hahemus
2430 2357 2639 2426 propi-

355 2436 530 2491 tium.
677 2427 819 2481 Tam
860 2444 1028 2494 super
1069 2438 1313 2493 terram,
1363 2442 1536 2494 quam
1571 2425 1634 2474 in
1673 2425 1871 2477 coelis.
1942 2424 2003 2478 si
2040 2425 2364 2479 rationales
2399 2421 2639 2480 tantum⁴
2693 2431 2697 2436 ’

360 2513 666 2558 creaturas
703 2495 1047 2564 intelligere
1082 2493 1299 2561 libeat,
1349 2504 1524 2563 erunt
1562 2492 1837 2546 homines
1877 2504 1937 2546 et
1970 2494 2203 2565 Angeli.
2278 2496 2637 2566 Quanquam

357 2565 795 2635 nihilfabsurdi
836 2566 1001 2629 erit,
1033 2561 1348 2620 ad=omnes
1380 2563 1506 2614 sine
1548 2562 1895 2630 exceptione
1938 2565 2276 2627 extendere.
2329 2562 2528 2616 verum
2556 2579 2639 2617 ne

359 2638 640 2697 subtilius
683 2631 1089 2705 philosophari
1125 2630 1371 2683 necesse
1408 2630 1521 2696 sit,
1571 2630 1771 2698 placet
1805 2624 1876 2683 de
1907 2631 2148 2699 Angelis
2187 2641 2247 2685 et
2287 2632 2636 2706 hominibus

358 2726 486 2763 esse
526 2706 786 2760 dictum:
856 2718 925 2753 ac
965 2701 1039 2769 de
1077 2698 1169 2751 his
1209 2700 1447 2768 quidem
1487 2699 1653 2751 nulla
1694 2700 2018 2751 difficultas
2059 2701 2201 2770 quin
2249 2700 2636 2771 pacificatore

358 2797 395 2835 a
441 2776 519 2829 ud
542 2777 735 2828 Deum
762 2770 1093 2839 indigeant.
1165 2768 1256 2820 De
1285 2766 1532 2837 Angelis
1561 2778 1757 2820 autem
1782 2762 2045 2838 quaestio‘
2071 2774 2188 2820 n‘on
2214 2769 2408 2822 facilis
2436 2773 2506 2820 ad
2535 2786 2633 2821 ex·

358 2867 397 2919 1³
426 2845 727 2898 icandum.
799 2842 1097 2910 Quorsum
1125 2836 1282 2888 enim
1311 2836 1768 2902 reconciliatio,
1803 2836 1904 2889 ubi
1931 2836 2161 2889 nullum
2188 2837 2303 2889 fuit
2327 2836 2630 2890 dissidium
2693 2868 2704 2877 a

359 2923 467 2973 aut
492 2909 807 2967 simultas?
857 2907 1036 2962 multi
1069 2907 1184 2958 hac
1221 2905 1459 2956 ratione
1501 2907 1757 2973 permoti
1797 2905 1886 2958 ita
1924 2917 2326 2975 exposuerunt
2358 2924 2633 2975 praesen·

355 2995 485 3039 tem
525 2981 764 3047 locum,
814 2976 1070 3045 Angelos
1111 2974 1176 3025 in
1215 2974 1595 3026 concordiam
1637 2974 1913 3026 reductos
1945 2992 2069 3026 esse
2102 2992 2238 3027 cum
2267 2975 2636 3044 hominihus,

358 3060 540 3122 atque
578 3049 666 3101 ita
704 3046 990 3100 coelestes
1031 3060 1165 3097 cum
1201 3042 1455 3094 terrenis
1496 3042 1740 3096 rediisse
1767 3044 1829 3095 in
1858 3044 2138 3112 gratiam.
2206 3044 2318 3096 Sed
2346 3044 2512 3095 aliud
2536 3062 2636 3096 so-

358 3130 504 3174 nant
528 3119 709 3171 verba
736 3115 903 3168 Pauli
930 3115 1112 3164 Deum
1144 3112 1257 3162 sihi
1289 3112 1704 3175 reconciliasse
1719 3131 1743 3174 ;
1785 3122 1988 3164 coacta
2011 3113 2194 3182 igitur
2222 3122 2309 3164 est
2336 3112 2442 3164 illa
2471 3113 2638 3167 solu-

358 3193 467 3246 tio.
554 3187 763 3240 Restat
801 3192 867 3236 ut
907 3182 1243 3245 videamus,
1291 3181 1481 3250 qualis
1505 3181 1578 3247 sit
1605 3181 1973 3248 Angelorum
1999 3189 2058 3232 et
2084 3181 2390 3234 hominum
2420 3199 2636 3237 recon-

361 3254 643 3314 ciliatio..
683 3253 841 3306 Dico
867 3250 1137 3303 homines
1165 3249 1293 3300 Deo
1323 3248 1751 3315 reconciliatos
1784 3264 1941 3316 esse,
1989 3250 2147 3318 quod
2178 3261 2318 3302 ante
2344 3249 2414 3303 ab
2446 3266 2515 3304 eo
2542 3269 2635 3305 es·
2675 3306 2688 3314 ,

346 3335 491 3391 ,sent
514 3321 753 3377 alienati
783 3336 890 3390 per
917 3326 1262 3388 peccatum:
1298 3320 1455 3387 quod
1479 3318 1739 3371 iudicem
1769 3316 1995 3371 sensuri
2026 3329 2190 3371 erant
2217 3319 2279 3370 in
2308 3334 2479 3371 suum
2508 3320 2636 3372 exi-

357 3397 550 3456 tium,
599 3389 717 3445 nisi
751 3387 1171 3445 intervenisset
1200 3385 1395 3453 gratia
1421 3386 1763 3439 Mediatoris
1802 3389 1875 3440 ad
1910 3388 2062 3440 iram
2100 3388 2226 3440 eius
2267 3387 2632 3457 placandam.

359 3454 565 3518 Genus
599 3476 664 3511 er
708 3475 742 3510 o
768 3452 1198 3526 pacificationis
1224 3452 1381 3505 inter
1394 3455 1587 3507 Deum
1613 3454 1966 3509 et-homines
1990 3455 2129 3520 fuit,
2162 3457 2314 3531 quod
2335 3466 2446 3523 ‘per
2465 3457 2639 3510 Chri-

357 3535 520 3599 stum
557 3529 671 3582 abo
698 3526 814 3579 itae
851 3527 1096 3578 fuerunt
1131 3520 1524 3577 inimicitiae:
1576 3522 1777 3602 itaque
1810 3526 1967 3577 Deus
2000 3540 2071 3591 eit
2095 3525 2290 3577 iudice
2318 3524 2513 3578 factus
2545 3534 2636 3579 est

359 3602 561 3656 Pater.
642 3599 814 3650 Inter
841 3595 1037 3657 Deum
1064 3600 1124 3643 et
1151 3589 1406 3659 Angelos
1431 3591 1609 3660 longe
1636 3593 1868 3644 diversa
1895 3594 2066 3650 ratio.
2122 3593 2249 3645 illic
2277 3594 2433 3646 enim
2467 3594 2634 3647 nulla

184 3682 189 3685 ’
266 3710 269 3715 .
361 3664 657 3732 defectio,
689 3663 923 3717 nullum
948 3658 1292 3731 peccatum,
1331 3658 1579 3729 ideoque
1608 3660 1838 3713 nullum
1868 3660 2212 3713 divortium.
2283 3663 2395 3716 Sed
2428 3673 2632 3716 tamen

363 3737 592 3803 duabus
628 3735 704 3787 'de
741 3732 931 3784 causis
957 3729 1214 3798 A'ngelos
1283 3743 1479 3796 noque
1507 3728 1774 3797 oportuit
1801 3745 1939 3782 eum
1967 3730 2096 3781 Deo
2123 3729 2442 3798 pacificari.
2492 3732 2631 3786 nam

366 3820 549 3878 quum
571 3810 875 3857 creaturae
897 3799 1046 3861 sint,
1083 3808 1250 3849 extra
1298 3814 1476 3865 apsus
1506 3798 1846 3865 periculum
1873 3815 1990 3850 non
2020 3808 2215 3865 erant,
2258 3798 2372 3852 nisi
2403 3800 2632 3857 Christi

362 3867 563 3946 gratia
587 3870 839 3927 fuissent
866 3864 1219 3921 confirmati.
1288 3864 1420 3917 Hoc
1457 3875 1656 3918 autem
1693 3882 1811 3917 non
1891 3883 2098 3920 arvum
2139 3876 2227 3918 est
2262 3879 2633 3925 momentum

360 3945 440 4014 gd
476 3938 638 4011 pacis
678 3955 814 3991 cum
838 3937 969 3991 Deo
1009 3932 1507 4009 perpetuitatem,
1552 3934 1736 3986 fixum
1770 3935 1844 3988 ha
1893 3953 1990 3987 ere
2024 3944 2247 3987 statum
2277 3935 2341 3986 in
2376 3929 2631 4008 iustitia,

361 4029 443 4066 ne
470 4010 671 4063 casum
695 4015 798 4059 aut
820 4005 1222 4058 defectionem
1249 4001 1506 4071 amplius
1532 4003 1759 4055 timeat.
1832 4004 2058 4059 Deinde
2087 4001 2149 4055 in
2175 4004 2287 4056 hac
2318 4005 2453 4074 ipsa
2486 4007 2631 4059 obe-

363 4080 619 4145 dientia,
665 4092 843 4157 quam
876 4081 1179 4145 praestant
1202 4072 1365 4138 Deo,
1409 4088 1530 4122 non
1572 4080 1660 4124 est
1700 4081 1827 4124 tam
1868 4071 2155 4142 exquisita
2193 4073 2517 4141 perfectio,
2566 4084 2635 4129 ut

363 4146 497 4204 Deo
538 4148 697 4202 omni
733 4160 806 4196 ex
839 4152 1009 4211 parte
1052 4149 1112 4194 et
1151 4140 1307 4191 citra
1345 4141 1577 4192 veniam
1617 4139 1974 4193 satisfaciat.
2041 4147 2228 4210 Atque
2263 4142 2381 4194 huc
2417 4144 2633 4210 procul

362 4217 546 4271 dubio
573 4221 806 4296 spectat
831 4206 1123 4263 sententia
1145 4209 1265 4261 ista
1296 4226 1367 4260 ex
1388 4206 1550 4259 libro
1577 4209 1684 4261 Iob
1712 4209 1790 4277 (4,
1820 4210 1968 4272 18.):
2020 4212 2093 4263 In
2121 4211 2354 4279 Angelis
2383 4211 2505 4262 suis
2533 4230 2633 4264 re·

361 4284 562 4356 periet
608 4279 1000 4352 iniquitatem.
1055 4294 1194 4330 nam
1233 4277 1282 4329 si
1320 4276 1392 4328 de
1430 4277 1667 4329 diabolo
1707 4277 2054 4347 exponitur,
2115 4278 2255 4348 quid
2299 4281 2631 4348 magnum?

406 4353 709 4408 renuntiat
748 4358 944 4404 autem
976 4344 1104 4399 illic
1143 4344 1396 4419 Spiritus
1444 4361 1731 4398 summam
1767 4347 2087 4414 puritatem
2130 4347 2407 4415 sordere,
2462 4348 2518 4400 οῖ’
2554 4350 2630 4404 ad

425 4424 481 4478 ei
515 4421 807 4479 iustitiam
843 4417 1143 4495 exigatur.
1224 4412 1726 4471 Constituendum
1750 4414 1965 4487 igitur,
2007 4432 2132 4470 nou
2159 4432 2283 4471 esse
2305 4423 2545 4472 tantum
2561 4420 2633 4470 in

362 4510 367 4519 ι
