2820 4895
1843 134 1868 165 O

402 236 530 300 486
1161 232 1272 301 ιΝ
1330 198 1955 309 emmone

410 402 679 480 membro
714 401 1070 455 hallucinati
1107 412 1278 467 snut,
1328 419 1473 471 meo,
1506 401 1764 467 iudicio,
1816 418 2023 455 omnes
2054 402 2457 472 interpretes.
2558 406 2709 459 Hinc

331 516 334 521 ,
406 480 608 524 autem
633 480 808 523 natus
832 483 928 522 est
947 487 1146 538 error,
1196 472 1351 541 quod
1377 471 1880 540 praepositionem
1910 474 1971 526 ἐκ
1998 482 2280 540 separant
2311 488 2346 523 a
2380 475 2710 542 participio

408 540 770 622 φαινομένων.
855 542 948 593 lta
971 549 1305 608 exponunt:
1359 542 1439 594 Ut
1465 540 1683 609 fierent
1706 539 1967 591 visibilia
1996 557 2065 592 ex
2096 558 2218 592 non
2248 545 2712 608 apparentibus.

333 656 338 659 ,
411 612 595 679 Atqui
630 625 701 661 ex
734 608 828 659 his
867 609 1066 660 verbis
1109 607 1206 660 vix
1244 609 1401 662 ullus
1447 625 1649 662 seusus
1690 607 1833 660 elici
1872 618 2096 676 potest,
2135 610 2347 661 saltem
2383 610 2513 661 nisi
2552 612 2714 662 valde

410 676 683 737 ieiunus3
742 676 954 729 deinde
1006 677 1299 728 orationis
1351 686 1665 730 contextus
1710 676 1826 727 boc
1875 693 1995 727 non
2041 677 2302 744 patitur;
2379 679 2715 732 dicendum

411 746 576 798 enim
606 755 769 797 erat:
820 746 881 799 ἐκ
905 743 978 813 μὴ
1005 745 1380 816 φαινομένωνς
1430 745 1544 797 alia
1574 755 1771 797 autem
1796 746 1951 812 apud
1986 746 2342 814 Apostolum
2379 756 2492 798 est„
2512 750 2715 799 series.

412 814 612 883 Quare
658 814 865 880 aliter,
920 815 967 866 si
1008 815 1145 883 quis
1182 815 1432 867 verbum
1473 831 1505 866 e
1546 814 1726 866 verbo
1767 810 2092 865 transferre
2134 814 2305 877 velit,
2350 831 2483 865 non
2524 825 2719 882 potest

408 880 526 935 hoc
555 882 886 934 membrum
916 882 1163 950 exponi,
1216 899 1395 952 quam
1425 881 1543 935 sic:
1595 876 1679 933 Ut
1706 897 1826 933 non
1855 881 2271 948 apparentium
2302 882 2552 935 fierent
2587 886 2719 951 visa,

414 948 534 1003 hoc
566 959 689 1017 est,
735 950 1098 1018 spectacula,
1143 959 1212 1003 ut
1237 950 1611 1019 praepositio
1638 953 1698 1006 ἐκ
1724 950 1805 1000 ¹'sit
1832 951 2160 1017 composita
2187 966 2327 1002 cum
2359 954 2718 1020 participio.

409 1019 739 1072 Continent
769 1018 1122 1087 porrohaec
1153 1020 1330 1071 verba
1359 1019 1643 1088 optimam
1673 1015 2022 1084 doctrinam,
2060 1019 2220 1087 quod
2242 1020 2307 1070 in
2335 1020 2469 1074 hoc
2505 1024 2717 1074 mundo

409 1087 793 1156 conspicuam
825 1087 1151 1142 habeamus
1176 1087 1292 1139 Dei
1320 1086 1666 1157 imaginem.
1740 1086 2017 1156 Adeoque
2057 1087 2216 1138 idem
2258 1087 2384 1140 hoc
2430 1090 2585 1142 loco
2626 1092 2720 1141 do-

410 1166 507 1209 cet
539 1155 852 1226 Apostolus
895 1168 1131 1221 noster,
1185 1156 1345 1224 quod
1374 1157 1589 1208 Paulus
1616 1155 1690 1206 ad
1721 1156 2019 1207 Romanos
2051 1156 2243 1222 capite
2272 1159 2321 1221 1,
2351 1158 2451 1209 20.
2475 1195 2495 1225 ,
2550 1178 2718 1227 quum

410 1224 603 1278 tradit
645 1224 969 1277 invisibilia
1013 1226 1126 1278 Dei
1167 1226 1340 1277 nobis
1389 1224 1661 1293 patefieri
1706 1240 1776 1274 ex
1812 1223 2017 1276 mundi
2056 1223 2402 1291 creatione,
2473 1229 2625 1281 dum
2663 1230 2716 1279 in

413 1288 693 1362 operibus
736 1302 1080 1346 cernuntur.
1161 1296 1451 1346 Aeternae
1480 1295 1633 1346 enim
1665 1309 1800 1344 suae
1833 1293 2194 1372 sapientiae,
2244 1294 2571 1362 bonitati,
2627 1315 2717 1364 po-

410 1362 643 1414 tentiae
683 1361 841 1414 Deus
888 1362 1258 1414 luculentum
1305 1361 1715 1417 testimonium
1757 1361 1954 1412 reddit
1994 1360 2057 1411 in
2095 1369 2224 1411 tota
2267 1365 2496 1415 mundi
2541 1366 2715 1417 archi·

408 1439 698 1497 tectura„
741 1440 801 1482 et
839 1447 1020 1499 quum
1054 1429 1119 1482 in
1154 1447 1214 1482 se
1255 1428 1337 1485 sit
1375 1431 1726 1495 invisibilis,
1787 1429 1962 1481 nobis
2000 1429 2458 1498 quodammodo
2514 1436 2580 1486 in
2620 1434 2716 1486 suis

414 1488 701 1568 ciperibus
728 1511 991 1568 apparet.
1055 1500 1250 1568 Quare
1279 1499 1587 1566 eleganter
1617 1500 1866 1551 mundus
1896 1497 2232 1550 divinitatis
2261 1503 2603 1568 speculum
2631 1521 2716 1554 no·

409 1569 716 1634 minatur,
776 1584 907 1618 non.
948 1571 1107 1638 quod
1153 1566 1296 1618 satis
1333 1568 1412 1619 sit
1448 1567 1790 1619 hominibus
1833 1566 2240 1635 perspicaciae
2282 1571 2363 1621 ad
2406 1571 2625 1624 Deum
2661 1588 2714 1623 ex

349 1656 350 1663 ¹
410 1636 618 1690 mundi
659 1632 943 1705 adspectu
982 1638 1493 1702 cognoscendum;
1545 1636 1644 1688 sed
1688 1636 1772 1687 ita
1815 1652 1879 1686 se
1914 1634 2117 1704 impiis
2157 1639 2506 1704 patefacit,
2551 1650 2616 1694 ut
2638 1657 2715 1691 ex-

413 1702 723 1759 cusatione
763 1713 966 1756 careat
1004 1704 1211 1756 eorum
1248 1704 1633 1773 ignorantia..
1696 1704 1925 1755 Fideles
1960 1712 2189 1769 autem,
2245 1707 2492 1774 quihus
2533 1710 2711 1762 oculos
2780 1746 2781 1759 ,

413 1774 576 1827 dedit
615 1775 680 1825 in
721 1773 969 1841 singulis
1012 1773 1336 1840 creaturis,
1397 1773 1559 1825 velut
1598 1772 1922 1825 emicantes
1967 1772 2197 1840 gloriae
2239 1775 2383 1828 eius
2426 1778 2709 1830 scintillas

412 1850 684 1897 cernunt.
760 1843 932 1892 Certe
957 1842 1016 1892 in
1044 1843 1200 1896 hunc
1230 1841 1415 1895 finem
1445 1842 1719 1897 conditus
1748 1850 1840 1895 est
1867 1841 2152 1909 mundus,
2188 1851 2255 1895 ut
2281 1856 2467 1899 esset
2499 1849 2709 1900 divinas

416 1911 653 1982 gloriae
679 1909 1001 1964 theatrum.
1526 1914 1541 1923 ‘

552 2044 604 2101 4.
655 2048 817 2101 ,Fide
847 2050 998 2105 Abel.
1080 2051 1335 2104 Posthac
1377 2048 1735 2119 disputabit,
1785 2040 2172 2120 quaecunque
2199 2065 2490 2119 unquam
2529 2052 2685 2106 erinis

412 2120 664 2173 fuerunt
700 2129 1044 2172 sanctorum
1086 2136 1301 2188 opera,
1392 2119 1617 2172 retium
1654 2133 1856 2185 sunm,
1905 2120 2284 2188 dignitatem,
2338 2131 2408 2171 et
2435 2120 2690 2191 quicquit

397 2188 761 2241 'habuerunt
791 2189 1216 2261 praestantiae,
1261 2205 1296 2241 a
1324 2137 1441 2240 fipde
1465 2198 1735 2240 mutuata
1764 2205 1906 2239 esse.
1982 2187 2149 2240 Unde
2176 2186 2558 2253 conficitur,
2592 2190 2702 2260 quoi

415 2256 536 2310 iam
578 2256 743 2325 prius
781 2256 963 2324 dixit,
1016 2258 1224 2309 Patres
1257 2257 1382 2310 sola
1416 2255 1534 2308 fide
1574 2256 1866 2326 placuisse
1894 2257 2046 2308 Deo.
2120 2258 2309 2315 Porro
2346 2258 2608 2328 duplici
2630 2276 2707 2308 no-

417 2324 579 2378 mine
608 2325 787 2377 fidem
813 2325 916 2377 hic
946 2326 1355 2389 commendat:
1413 2337 1666 2405 propter
1697 2325 2084 2379 obedientiam
2114 2325 2362 2377 scilicet
2381 2364 2400 2392 ,
2468 2330 2618 2399 quia
2641 2327 2707 2379 ai·

415 2394 508 2449 hil
549 2394 661 2445 nisi
702 2410 773 2446 ex
816 2394 1182 2464 praescripto
1222 2393 1389 2447 verbi
1437 2394 1552 2445 Dei
1596 2394 1953 2464 aggreditur
1993 2403 2097 2446 aut
2145 2394 2441 2464 suscipit3
2525 2397 2709 2452 deinde

417 2465 559 2533 quia
587 2463 704 2516 Dei
746 2464 1241 2534 promissionibus
1279 2462 1485 2515 innixa
1525 2467 1787 2533 pretium
1829 2480 1898 2514 ac
1939 2463 2291 2531 dignitatem
2321 2467 2636 2537 operibus
2659 2482 2713 2517 ex
2784 2446 2785 2526 l

417 2549 580 2585 mera
606 2531 722 2584 Dei
766 2535 962 2600 gratia
1006 2532 1310 2585 conciliat.
1385 2535 1479 2584 Ita
1515 2532 1764 2602 quoties·
1789 2531 2194 2585 inculcabitur
2225 2533 2347 2584 boc
2389 2535 2717 2603 capitePi·
2784 2547 2785 2594 1

416 2601 514 2653 dei
559 2597 810 2666 noinen,
872 2602 1363 2667 meminerimus,
1427 2601 1777 2671 Apostolum
1816 2601 1933 2652 hoc
1972 2591 2295 2670 agere,'ut
2331 2603 2569 2654 Iudaei
2614 2621 2717 2654 noa
2784 2601 2785 2608 ’

411 2670 598 2722 *aliam
643 2669 900 2722 habeant
939 2671 1080 2723 fidei
1123 2670 1443 2739 regulam,
1480 2686 1658 2740 quam
1685 2668 1802 2722 Dei
1844 2671 2118 2732 verbum3
2171 2670 2391 2722 deinde
2422 2682 2497 2724 ut
2532 2691 2567 2723 a
2598 2673 2719 2724 solis

417 2739 547 2792 eius
586 2738 1088 2806 promissionibus
1132 2739 1477 2808 pendeant.K
1529 2737 1838 2805 Principio
1879 2737 2065 2803 dicit,
2125 2738 2388 2789 hostiam
2429 2743 2586 2792 Abel
2619 2758 2724 2791 non
2784 2787 2785 2796 ,

416 2808 537 2860 alia
562 2806 794 2859 ratione
822 2808 1121 2876 potiorem
1144 2809 1325 2861 fuisse
1351 2823 1531 2877 quam
1557 2806 1765 2860 fratris
1785 2843 1803 2872 ,
1835 2806 1950 2857 nisi
1986 2806 2139 2875 quod
2182 2807 2300 2859 fide
2318 2831 2319 2836 ¹
2337 2810 2725 2861 sanctificata

417 2876 571 2939 fui't3
626 2892 761 2928 nam
795 2889 959 2929 certe
997 2878 1177 2945 adeps
1212 2875 1530 2929 brutorum
1572 2875 1913 2929 animalium
1942 2893 2061 2927 non
2087 2875 2169 2926 ita
2197 2878 2476 2930 suaviter
2509 2879 2723 2940 olebat,

420 2956 489 2997 ut
525 2945 705 2996 odore
744 2961 850 2997 suo
892 2946 1134 3014 placare
1163 2946 1360 2998 Deum
1398 2944 1692 3015 potuerit.
1764 2944 2177 3013 Et‘Scriptura
2215 2944 2399 2995 facile
2441 2948 2726 3010 ostendit,
2784 2971 2785 2980 κ

420 3030 531 3067 cur
557 3014 717 3065 Deus
744 3023 942 3081 gratas
968 3011 1248 3066 habuerit
1276 3013 1404 3066 eius
1430 3013 1679 3066 hostias.
1750 3013 1941 3064 Verba
1971 3014 2128 3064 enim
2160 3012 2350 3065 Mosis
2382 3024 2569 3067 sunt:
2617 3018 2727 3067 Re-

420 3080 618 3151 spexit
635 3083 795 3135 Deus
823 3084 895 3134 ad
913 3083 1062 3136 Abel
1086 3092 1146 3133 et
1169 3081 1243 3135 ad
1270 3099 1516 3134 munera
1543 3082 1691 3146 eius,
1716 3098 1786 3134 ex
1818 3081 2027 3150 quibus
2052 3082 2341 3148 colligere
2370 3096 2726 3150 promptum

423 3158 539 3215 est,
579 3149 715 3202 ideo
745 3151 1034 3219 placuisse
1066 3150 1192 3203 eius
1220 3151 1466 3215 hostias,
1505 3153 1645 3219 quia
1671 3151 1800 3217 ipse
1829 3150 2126 3218 gratiosus
2155 3159 2307 3202 esset
2334 3152 2496 3203 Deo.
2569 3153 2728 3204 Unde

421 3235 607 3289 porro
649 3218 757 3271 illa
795 3223 1020 3289 gratia,
1068 3221 1176 3271 nisi
1206 3217 1361 3288 quod
1387 3219 1598 3271 habuit
1624 3236 1729 3270 cor
1757 3219 1874 3271 fide
1906 3220 2269 3287 purgatum?
2350 3219 2353 3224 ’
2436 3219 2725 3272 Testimo-

422 3290 585 3341 nium
613 3290 964 3356 perhibente.
1035 3288 1398 3353 Confirmat,
1435 3288 1592 3356 quod
1618 3288 1737 3338 iam
1767 3288 1921 3353 dixi,
1959 3288 2125 3339 nulla
2152 3304 2184 3339 a
2214 3287 2388 3339 nobis
2419 3289 2730 3354 proficisci

349 3396 389 3414 -.
423 3374 605 3427 opera
628 3374 834 3438 ‚aquae
863 3359 992 3410 Deo
1022 3358 1330 3425 placeant,
1368 3356 1557 3407 donec
1580 3357 1697 3423 ipsi
1732 3356 1794 3407 in
1826 3357 2077 3424 gratiam
2106 3356 2336 3424 recepti
2368 3358 2566 3410 simus
2587 3395 2603 3421 ‚
2641 3357 2729 3408 vel

426 3431 520 3490 (ut
543 3426 781 3479 brevius
807 3426 1043 3495 loquar)
1086 3425 1254 3476 nulla
1298 3426 1533 3475 censeri
1576 3441 1780 3478 coram
1808 3426 1936 3476 Deo
1975 3424 2131 3476 iusta
2173 3443 2386 3492 opera,
2426 3427 2552 3476 nisi
2584 3425 2728 3477 iusti

421 3496 702 3550 homin‘is.
774 3495 870 3547 sie
900 3495 1059 3547 enim
1086 3493 1530 3545 ratiocinatum
1568 3495 1728 3545 Deus
1752 3494 2166 3546 testimonium
2193 3493 2556 3546 muneribus
2591 3484 2732 3545 abe]

418 3565 707 3619 reddidit:
759 3580 904 3633 ergo
938 3563 1205 3617 iustitiae
1232 3563 1470 3615 laudem
1498 3578 1700 3615 coram
1727 3564 1856 3614 Deo
1889 3563 2142 3616 obtinet.
2227 3562 2408 3614 Utilis
2444 3572 2544 3614 est
2583 3564 2729 3614 haec

348 3647 354 3658 ⁸
425 3634 731 3701 doctrina,
786 3644 848 3685 et
887 3650 956 3685 eo
999 3631 1344 3702 diligentius
1386 3632 1648 3682 notanda
1668 3668 1696 3696 ‚.
1733 3631 1894 3699 quod
1920 3647 2040 3682 non
2072 3627 2254 3681 facile
2283 3631 2455 3682 nobis
2493 3648 2730 3697 persua·

426 3703 637 3762 detur;
676 3719 813 3754 nam
840 3701 910 3752 in
933 3709 1284 3772 quocunque
1309 3717 1492 3769 opere
1521 3699 1803 3769 splendor
1827 3699 2045 3768 aliquis
2076 3700 2349 3769 affulget,
2386 3702 2607 3753 statim
2639 3702 2731 3749 ad·

341 3789 350 3800 ⁴
425 3770 747 3824 miratione
777 3768 1087 3838 rapimur,
1135 3785 1248 3820 nec
1287 3777 1564 3834 putamus
1604 3769 1774 3836 posse
1809 3786 1843 3820 a
1872 3770 2163 3834 Deo‘iure
2187 3769 2548 3835 improbari.
2633 3772 2731 3819 At·

428 3839 532 3910 qui
561 3838 725 3891 Deus
744 3875 762 3904 ,
810 3842 914 3909 qui
938 3841 1238 3892 internam
1264 3847 1496 3889 tantum
1528 3837 1724 3888 cordis
1755 3838 2081 3904 puritatem
2112 3838 2386 3904 respicit,
2436 3855 2569 3889 non
2611 3854 2733 3888 mo·

427 3917 598 3961 ratur
626 3919 894 3960 externas
921 3924 1171 3978 operum
1198 3906 1410 3958 larvas.
1493 3908 1797 3958 Discamus
1830 3921 1993 3975 ergo,
2028 3905 2262 3957 nullum
2285 3922 2318 3957 a
2347 3907 2528 3957 nobis
2564 3905 2730 3974 prod·

429 3978 524 4027 ire
564 3984 799 4028 rectum
846 3994 1024 4044 opus,
1080 3978 1269 4027 donec
1298 3974 1610 4026 iustificati
1642 3975 1824 4027 simus
1856 3977 2232 4026 corameeo.
2388 3977 2507 4026 Per
2550 3979 2728 4040 ipsam

432 4058 712 4096 mortuus.
787 4047 913 4098 Hoc
942 4047 1119 4098 etiam
1148 4039 1287 4097 fidei
1312 4043 1436 4095 fert
1464 4054 1798 4110 acceptum,
1839 4045 1998 4112 quod
2022 4045 2183 4095 Deus
2213 4041 2459 4095 Abelem
2485 4044 2612 4096 sibi
2638 4060 2728 4093 eu·

428 4130 532 4167 rae
577 4115 713 4165 esse*
738 4122 989 4167 testatus
1032 4125 1119 4166 est
1159 4129 1275 4164 non
1317 4112 1513 4165 minus
1557 4122 1692 4181 post
1731 4124 2017 4179 mortem,
2068 4128 2247 4180 quam
2269 4112 2332 4161 in
2360 4111 2510 4162 vita.
2542 4118 2566 4139 ‘
2593 4115 2724 4164 Nata

474 4199 614 4235 uum
646 4181 792 4234 dicit
815 4182 1008 4251 ipsum
1033 4182 1319 4234 clamasse
1354 4190 1698 4246 mortuum,
1735 4182 2059 4249 significat,
2101 4180 2256 4249 quod
2282 4180 2478 4230 refert
2510 4182 2726 4239 Moses,

333 4255 342 4258 ’
432 4201 626 4306 geum
658 4251 899 4320 indigna
931 4253 1057 4303 eius
1087 4263 1282 4304 morte
1313 4249 1501 4302 fuisse
1536 4259 1937 4316 commotum,
1987 4258 2055 4302 ut
2090 4249 2412 4300 vindictam
2450 4255 2727 4301 sumeret.

432 4321 609 4389 Quod
648 4337 787 4384 ergo
830 4321 925 4373 vel
966 4321 1141 4383 Abel,
1196 4322 1288 4370 vel
1325 4321 1460 4371 eius
1510 4319 1751 4386 sanguis
1789 4320 2052 4371 clamare
2092 4317 2358 4382 dicitur,
2409 4327 2731 4383 utrumque

399 4410 403 4415 ·
432 4388 755 4459 figuratum
777 4400 891 4442 est.
959 4381 1146 4443 Porro
1177 4387 1705 4456 singularedivini
1737 4405 1875 4457 erga
1898 4387 2045 4440 'eum
2075 4387 2291 4441 amoris
2317 4388 2436 4440 hoc
2464 4389 2730 4440 testimo·

701 4521 714 4530 .

377 4605 390 4622 ἶ

385 4625 388 4632 ¹
547 4627 550 4636 ι

229 4565 582 4795 χ.
589 4670 606 4688 x

495 4707 502 4716 α
525 4721 526 4728 l
