2820 4895
767 246 776 293 ,·
843 236 1033 351 ‘4⁰
1096 186 1465 305 QTJTU'M
1531 232 1691 301 cn.
1733 238 1831 307 1..
2362 237 2511 301 sis.

193 408 273 460 de
301 405 420 460 vita
446 402 853 459 manifestasse
884 420 992 473 per
1009 400 1331 473 ‚Evangelii
1361 403 1884 473 praedicationem.
1956 396 2333 471 Praedicatio
2352 443 2368 471 ,
2406 406 2478 457 de

195 493 316 546 qua
355 474 670 544 loquitur,
706 472 1216 541 estssEvangelium
1255 474 1737 543 promulgatum,
1788 480 1855 525 ut
1895 482 2059 530 certe
2090 473 2204 549 hoq
2245 475 2475 541 praeci-

193 563 387 621 puupi
418 554 543 608 est,
581 543 737 613 quod
760 543 887 594 illic
913 543 1179 594 audimus
1199 579 1215 606 ,
1254 542 1561 595 Christum
1590 540 1756 594 nobis
1785 541 1947 608 dari,
1999 543 2143 594 etin
2174 558 2243 592 eo
2274 542 2471 595 vitam.

189 616 387 667 Porro
417 612 560 683 quia
582 629 706 662 non
730 626 931 663 omnes
959 611 1295 680 promiscue
1317 613 1395 669 ,ad
1422 619 1654 665 tantum
1677 619 2055 677 munumsunt
2079 609 2478 677 idonei,„1neo
2549 625 2556 642 ¹

181 701 261 734 se
309 682 616 752 quisquam
666 680 943 750 ingerere
993 679 1203 731 debet:
1258 680 1627 733 vocationem
1668 697 1835 735 suam
1872 696 1980 747 pro
2024 697 2189 733 more
2232 680 2486 743 asserit„

191 752 312 804 Ubi
351 750 699 803 discendum
741 759 861 813 est,
912 748 1069 816 quod
1102 765 1279 816 saepe
1311 749 1451 799 alias
1477 749 1850 812 monuimus,
1888 747 2108 800 nemini
2135 747 2339 799 deberi
2366 749 2475 800 ho-

190 838 433 884 norem,
480 819 594 872 nisi
620 817 722 888 qui
748 834 810 868 se
835 816 1116 869 divinitus
1145 817 1483 869 institutum
1511 816 1870 885 probaverit.
1957 819 2112 869 Nam
2137 825 2197 868 et
2223 817 2474 869 Satanae

190 888 447 943 ministri
476 889 731 940 fastuose
762 904 795 937 a
821 888 953 937 Deo
979 904 1040 937 se
1069 896 1308 937 vocatos
1335 903 1466 937 esse
1493 887 1752 949 iactant3
1807 886 1907 936 sed
1942 886 2104 938 nulla
2138 903 2347 955 eorum
2381 886 2471 936 di-

189 963 308 1012 ctis
332 959 477 1010 fides
507 966 758 1009 constat.
824 956 1040 1008 Paulus
1066 963 1266 1006 autem
1292 954 1530 1006 nonnisi
1558 973 1683 1007 rem
1718 965 1918 1007 notam
1942 966 2001 1006 et
2031 965 2304 1006 testatam
2333 972 2470 1022 pro·
2538 966 2545 971 “

189 1031 318 1081 fert
337 1066 354 1093 ,
404 1027 640 1095 quoties
657 1040 795 1093 suae
823 1024 1146 1085 vocationis
1176 1025 1464 1076 meminit.
1555 1026 1867 1075 Praeterea
1900 1042 1970 1075 ex
1998 1025 2110 1075 hoc
2141 1024 2273 1075 loco
2302 1024 2468 1075 elici-

191 1114 355 1162 mus,
404 1111 688 1165 quorsum
721 1088 987 1161 Apostoli
1018 1092 1209 1145 creati
1238 1103 1410 1159 sunt,
1463 1110 1677 1159 nempe
1704 1092 2018 1159 Evangelii
2054 1092 2473 1161 promulgandi

193 1183 400 1229 causa,
454 1173 521 1214 ut
554 1162 700 1216 alibi
743 1166 816 1227 (L.
847 1163 982 1215 Cor.
1014 1162 1065 1226 9,
1095 1163 1237 1220 16.):
1290 1163 1406 1213 Vae
1436 1162 1583 1214 mihi
1608 1160 1722 1213 nisi
1749 1161 2181 1231 evangeli-zem3
2232 1160 2470 1231 dispen—

189 1236 344 1288 satio
373 1234 532 1293 enim
557 1231 703 1284 mihi
734 1230 962 1282 credita
990 1239 1100 1281 est.
1173 1231 1369 1299 Quare
1397 1231 1497 1299 qui
1524 1239 1715 1281 mutas
1742 1247 2019 1298 personas
2041 1230 2102 1283 in
2133 1230 2250 1281 otio
2283 1240 2343 1282 et
2369 1231 2467 1282 de-

189 1302 375 1356 liciis
400 1309 584 1370 agunt
602 1338 620 1368 ,
668 1299 799 1369 'plus
836 1315 1013 1367 quam
1048 1297 1427 1367 impudenter
1456 1317 1517 1350 se
1543 1301 1772 1350 iactant
1799 1299 2046 1351 illorum
2072 1306 2465 1351 successores.

190 1374 524 1428 Servatur-is
550 1371 759 1421 nostri.
842 1368 1008 1419 Idem
1038 1367 1198 1424 Patri
1230 1375 1287 1418 et
1317 1368 1552 1419 Christo
1578 1369 1901 1434 epithetum
1924 1367 2468 1433 accommodabam

189 1451 354 1494 certe
390 1448 642 1507 uterque
679 1446 942 1489 servator
975 1444 1095 1502 est,
1142 1436 1248 1488 sed
1283 1437 1511 1487 diversa
1545 1440 1809 1495 ratione;
1857 1438 1987 1490 ideo
2015 1439 2170 1488 enim
2197 1446 2467 1488 servator

187 1513 399 1573 Pater,
446 1508 582 1576 quia
608 1505 746 1560 Filii
778 1506 867 1556 sui
904 1515 1097 1557 morte
1142 1522 1251 1556 nos
1291 1505 1576 1572 redemit,
1629 1516 1691 1557 ut
1723 1506 1880 1557 vitae
1909 1514 2184 1556 aeternae
2214 1504 2465 1557 heredes

186 1581 492 1639 efficeret3
544 1574 727 1628 Fili'us
752 1584 986 1638 autem,
1023 1573 1163 1642 quia
1185 1574 1535 1640 sanguinem
1562 1591 1731 1627 suum
1760 1575 2115 1645 interposuit
2147 1573 2360 1641 pignus
2394 1591 2463 1627 ac

188 1648 449 1717 pretium
491 1643 695 1696 salutis
738 1653 994 1699 nostrae.
1031 1706 1032 1711 ¹
1066 1642 1172 1715 '‘Ita
1213 1642 1382 1694 nohis
1424 1659 1457 1693 a
1499 1645 1671 1695 Patre
1713 1643 1967 1696 salutem
2007 1642 2214 1697 attulit
2251 1642 2461 1710 Filius,

184 1720 369 1770 Pater
406 1731 543 1768 vero
565 1730 691 1782 ¹per
725 1713 943 1766 Filium
965 1712 1249 1763 contulit.
1377 1770 1380 1773 ,
2464 1736 2465 1739 =

322 1787 377 1836 4.
464 1783 616 1834 Filio
646 1783 957 1833 secundum
989 1773 1336 1831 com‘munem
1353 1782 1560 1848 fidem.
1639 1778 1797 1832 Hinc
1831 1789 2117 1845 constat,
2145 1798 2264 1851 quo
2292 1776 2465 1835 sensu'

185 1857 419 1908 dicatur
446 1851 841 1919 spiritualiter
869 1851 1115 1918 gignere
1142 1849 1410 1900 minister
1429 1849 1624 1913 Verbi,
1664 1866 1811 1918 quos
1843 1848 1906 1902 in
1925 1849 2152 1903 Christi
2181 1850 2461 1903 obedien-

181 1925 328 1975 tiam
355 1921 645 1986 *adducit,
692 1936 906 1987 nempe
946 1922 1013 1970 u't
1051 1917 1226 1969 simul
1262 1917 1389 1984 ipse
1428 1918 1735 1985 gignatur.
1814 1920 2052 1970 Patrem
2077 1936 2139 1970 se
2166 1919 2291 1972 Titi
2318 1920 2463 1973 facit

185 1992 405 2044 Paulus
441 1989 583 2043 fidei
621 1989 929 2056 respectu3
981 2002 1181 2037 verum
1212 2002 1350 2039 mox
1373 1982 1575 2057 addit,
1625 1985 1781 2037 hanc
1811 1986 1987 2039 fidem
2019 1988 2304 2040 ambobus
2334 2005 2462 2057 esse

187 2075 599 2124 communem,
643 2067 719 2110 *ut
760 2057 1012 2108 eundem
1048 2056 1224 2105 ambo
1265 2056 1330 2106 in
1371 2054 1560 2106 coelis
1590 2056 1828 2109 Patrem
1861 2073 1930 2107 ex
1962 2072 2149 2124 aequo
2177 2057 2454 2109 habeant.

186 2134 385 2200 Quare
417 2131 578 2180 Deus
619 2127 691 2179 de
732 2123 865 2177 iure
905 2142 1011 2176 suo
1043 2123 1218 2174 nihil.
1246 2123 1488 2188 minuit,
1540 2139 1723 2192 quum
1753 2125 1959 2179 Patres
1995 2112 2330 2189 spirituales
2368 2143 2456 2178 se-

184 2216 324 2255 cum
372 2195 664 2265 appellat,
713 2196 966 2262 quorum
995 2192 1327 2245 ministerio
1356 2201 1703 2258 regenerat,
1754 2209 1896 2261 quos
1925 2193 2082 2258 vult,
2136 2194 2316 2246 sicuti
2347 2212 2456 2263 per

184 2286 255 2320 se
291 2268 358 2319 hi
389 2265 547 2317 nihil
586 2271 799 2333 agunt,
842 2263 941 2314 sed
984 2279 1055 2313 ex
1096 2261 1348 2327 Spiritus
1395 2260 1663 2312 efficacia
1700 2263 1997 2313 duntaxat.
2094 2262 2343 2330 Reliqua
2384 2280 2454 2314 ex

167 2334 590 2406 superioribus
644 2331 901 2401 epistolis
949 2331 1201 2400 petenda
1257 2340 1468 2392 erunt,
1530 2346 1600 2386 ac
1641 2330 1995 2407 praesertim
2033 2348 2103 2392 ex
2144 2331 2344 2399 priore
2385 2332 2461 2383 ad

175 2406 595 2464 OEimotheum.
675 2409 686 2418 '

354 2555 413 2621 5.
458 2556 677 2621 Huius
706 2558 806 2620 rei
837 2556 1048 2639 gratia
1075 2552 1317 2637 reliqui
1346 2567 1415 2618 te
1438 2558 1507 2617 in
1540 2552 1776 2629 Creta,
1831 2565 1940 2631 ut,
1990 2574 2158 2636 quae
2189 2553 2457 2631 desunt,

182 2660 424 2730 pergas
452 2645 814 2726 corrigere,
849 2651 916 2702 et
938 2642 1303 2703 constituas
1330 2639 1702 2725 oppidatim
1719 2639 2182 2744 Presbyteros,
2214 2645 2457 2722 quern-

159 2726 546 2790 admodum
585 2729 710 2788 tibi
753 2725 1091 2800 ordinavi,
1188 2728 1250 2787 6.
1309 2725 1381 2787 Si
1420 2727 1570 2808 quis
1606 2736 1709 2788 est
1736 2737 1774 2787 a
1803 2728 2084 2794 crimine
2115 2727 2459 2799 immunis,

185 2815 388 2876 nnius
412 2814 649 2875 uxoris
678 2814 814 2887 vir,
870 2809 1124 2886 liberos
1157 2807 1408 2873 habens
1435 2807 1700 2888 fideles,
1758 2830 1895 2874 non
1922 2809 2204 2873 infames
2233 2805 2320 2873 ob
2346 2808 2456 2872 laa-

181 2900 497 2973 sciviam,
538 2917 675 2958 non
711 2899 1200 2980 immorigeros.

321 3021 372 3072 5.
443 3021 633 3070 Huius
661 3020 745 3069 rei
774 3019 995 3084 gratia.
1079 3019 1209 3070 Hoc
1250 3016 1565 3070 exordium
1599 3018 1762 3070 clare
1802 3017 2199 3082 demonstrat,
2236 3017 2456 3069 ‘Titum

183 3105 305 3141 non
332 3098 451 3140 tam
483 3089 788 3140 admoneri
814 3105 917 3138 sua
945 3105 1145 3154 causa,
1179 3104 1357 3155 quam
1382 3085 1786 3139 commendari
1812 3087 1967 3154 apud
1991 3086 2170 3152 alios,
2218 3102 2293 3135 ne
2322 3085 2463 3153 quie*

92 3175 98 3182 ·
153 3173 156 3180 ·
186 3175 326 3211 eum
363 3157 694 3224 impediat.·
757 3160 1040 3209 Testatur
1069 3156 1225 3218 enim
1255 3156 1500 3220 Paulus,
1553 3173 1618 3208 se
1648 3155 1743 3206 illi
1769 3156 2072 3208 mandasse
2100 3167 2234 3206 suas
2266 3153 2454 3206 vices:

184 3243 369 3297 quare
409 3237 474 3278 ut
502 3225 764 3294 Apostoli
802 3224 1090 3292 vicarium
1134 3225 1375 3293 agnosci
1420 3226 1493 3275 ab
1536 3225 1843 3291 omnibns,
1894 3235 1953 3276 et
1983 3232 2330 3276 reverenter
2360 3239 2459 3274 ex·
2508 3260 2521 3286 f

184 3297 305 3364 cipi
336 3298 631 3347 convenit.
716 3297 868 3347 Nam
900 3293 1036 3364 quia
1063 3294 1360 3361 Apostolis
1391 3293 1561 3346 nulla
1587 3303 1753 3345 certa
1781 3293 1959 3345 statio
1988 3302 2115 3344 erat
2140 3292 2456 3360 assignata,

179 3366 286 3418 ted
313 3364 623 3436 Evangelii
661 3381 768 3431 per
805 3374 997 3415 totum
1042 3366 1247 3414 orbem
1286 3363 1603 3431 spargendi
1647 3379 1860 3416 munus
1898 3363 2264 3414 iniunctum:
2315 3360 2457 3411 ideo

163 3437 365 3503 quum
399 3451 466 3484 ex
497 3433 643 3484 urbe
673 3441 774 3483 aut
796 3433 1039 3501 regione
1066 3447 1183 3484 una
1212 3449 1274 3483 se
1300 3433 1363 3483 in
1392 3432 1570 3483 aliam
1601 3433 1978 3495 conferrent,
2033 3430 2358 3498 subrogare
2386 3428 2453 3479 in

184 3518 357 3554 suum
386 3500 587 3554 locum
615 3502 882 3553 solebant
903 3501 1151 3553 :idoneos
1174 3502 1479 3567 homineS,
1525 3518 1779 3570 quorum
1812 3516 1992 3567 opera
2025 3498 2452 3561 absolveretur,

184 3571 339 3639 quod
376 3569 724 3623 inchoatum
769 3578 917 3621 erat.
1003 3570 1095 3623 Sic
1125 3570 1338 3621 Pau-lus
1378 3589 1438 3622 se
1473 3570 1797 3622 Ecclesiam
1829 3566 2285 3620 Corinthiorum
2321 3565 2454 3616 fun-

183 3644 352 3690 dasse
377 3640 710 3707 praedicat3
766 3638 912 3690 alios
941 3656 1078 3689 vero
1106 3655 1237 3690 esse
1265 3640 1658 3704 architectos,
1694 3638 1793 3708 qui
1826 3635 2324 3705 superaedificare
2350 3634 2454 3686 de-

147 3753 152 3762 .
182 3709 388 3768 beant,
425 3709 542 3758 hoc
566 3716 674 3772 est,
709 3706 1048 3759 aedificium
1077 3724 1450 3775 promovere.
1521 3710 1650 3759 Hoc
1676 3709 1913 3777 quidem
1939 3704 2006 3755 in
2033 3721 2231 3755 omnes
2246 3703 2453 3755 Pasto-

182 3795 281 3828 res
327 3775 644 3843 competit,
699 3776 978 3844 quoniam
1011 3794 1243 3843 semper
1274 3776 1662 3828 incrementis
1691 3785 1753 3827 et
1777 3774 2056 3843 profectu
2089 3790 2237 3840 opus
2272 3772 2454 3824 hahe-

179 3841 331 3898 bunt
372 3846 703 3922 Ecclesiae,
764 3845 1046 3913 quamdiu
1101 3846 1350 3898 mundus
1398 3846 1654 3908 durabit,
1739 3843 1850 3898 Sed
1889 3842 2046 3895 ultra
2090 3840 2455 3893 ordinarium

181 3916 496 3967 Pastorum
534 3929 747 3965 munus
792 3930 935 3965 cura
965 3913 1273 3966 Ecclesiae
1313 3913 1759 3966 constituendae
1799 3912 1936 3963 Tito
1982 3909 2260 3964 mandata
2304 3917 2453 3961 enat.

180 3984 462 4034 Pastores‘
493 3982 653 4035 enim
690 3983 1029 4049 constitutis
1065 3982 1187 4036 iam
1215 3983 1501 4037 Ecclesiis
1539 3991 1598 4035 et
1632 3981 1696 4033 in
1732 3980 2007 4049 aliquem.
2035 3977 2307 4031 ordinem
2329 3979 2453 4030 for-

181 4049 357 4103 matis
405 4050 648 4117 praefici
695 4051 916 4114 solent;
984 4053 1156 4106 Titus
1198 4069 1339 4102 vero
1381 4051 1514 4119 plus
1555 4051 1825 4120 quiddam
1868 4049 2067 4101 oneris
2113 4046 2454 4110 sustinebat,

177 4135 399 4187 nempe
435 4130 500 4172 ut
527 4119 809 4174 Ecclesiis
846 4120 1110 4172 nondum
1152 4120 1273 4172 ri-te
1315 4119 1660 4188 compositis
1694 4120 1955 4170 formam
1989 4118 2187 4182 daret,
2238 4125 2302 4167 ut
2327 4131 2453 4166 cer-

180 4196 308 4238 tam
345 4189 589 4255 politiae
624 4189 914 4248 rationem
942 4205 1059 4240 una
1086 4206 1220 4241 cum
1247 4190 1570 4257 disciplina
1595 4189 2004 4241 constitueret.
2088 4189 2251 4238 Iacto
2294 4182 2454 4236 enim

180 4256 575 4309 fundamento
605 4256 953 4309 discesserat
978 4256 1224 4322 Paulus;
1284 4258 1537 4326 proinde
1565 4258 1687 4309 Titi
1726 4265 1922 4325 partes
1955 4246 2157 4319 erant,
2205 4269 2353 4321 opus
2392 4252 2455 4302 in

179 4325 561 4391 superficiem
598 4325 908 4392 attollere,
957 4336 1025 4379 ut
1058 4326 1216 4380 iusta
1251 4337 1588 4381 structurae
1633 4325 1943 4395 proportio
1977 4331 2253 4377 exstaret.
2386 4337 2459 4372 oc

179 4402 363 4448 vocat
412 4395 734 4461 corrigere,
789 4413 937 4465 quac
980 4396 1179 4448 adhuo
1222 4396 1447 4448 desunt.
1546 4396 1765 4464 Neque
1800 4393 1956 4447 enim
1990 4402 2116 4445 tam
2148 4390 2290 4445 facil
2372 4398 2465 4441 est
