2820 4895
330 788 439 857 IN
490 783 1118 855 EPISTOLAM
1171 782 1495 856 PAULI
1545 784 1682 865 AD
1732 782 2298 857 EPHESIOS·

971 921 1623 984 ARGUMENTUM.
2055 948 2060 957 ·

181 1096 481 1221 Ephesum
527 1150 738 1204 urbem
774 1146 958 1204 fuisse
986 1150 1160 1203 Asiae
1197 1148 1454 1202 minoris
1492 1147 1837 1203 nominibus
1878 1148 2085 1202 multis
2121 1147 2442 1205 celeberri-

180 1236 349 1287 mam,
392 1220 533 1275 satis
569 1227 779 1275 notum
819 1226 925 1271 est.
1000 1219 1277 1288 Qualiter
1307 1229 1505 1273 autem
1537 1218 1661 1271 illic
1688 1216 1804 1270 sibi
1834 1219 2131 1271 Dominus
2157 1219 2445 1287 populum

160 1288 500 1359 'acquisierit
529 1287 697 1340 Pauli
726 1303 938 1356 opera,
976 1288 1276 1356 quodnam
1304 1288 1487 1340 fuerit
1521 1286 1827 1340 exordium
1852 1286 2177 1352 Ecclesiae,
2217 1296 2281 1338 et
2308 1287 2443 1357 quis
2513 1316 2514 1319 =

179 1373 539 1426 progressus,
602 1359 796 1410 Lucas
833 1356 897 1408 in
936 1356 1099 1408 Actis
1142 1358 1350 1410 refert.
1450 1358 1578 1424 Ego
1617 1355 1718 1409 hic
1759 1366 1995 1409 tantum
2036 1373 2102 1408 ea
2148 1354 2444 1425 attingam

182 1443 314 1496 quae
346 1427 414 1479 ad
442 1425 748 1495 Epistulae
786 1433 1214 1492 argumentum
1248 1425 1497 1494 proprie
1531 1435 1827 1494 spectant.
1903 1425 2218 1481 Erudierat
2248 1424 2442 1505 Ephe·

182 1497 282 1547 sios
307 1495 515 1549 Paulus
547 1495 607 1546 in
641 1511 787 1563 pura
816 1494 1131 1562 Evangelii
1165 1494 1461 1548 doctrina.
1499 1512 1683 1564 quum
1720 1503 1877 1546 esset
1894 1493 2122 1549 Romae
2154 1504 2447 1564 captivus,

179 1580 242 1631 ac
278 1563 496 1617 videret
547 1580 645 1619 eos
697 1572 840 1637 opus
889 1563 1114 1615 habere
1160 1563 1650 1616 confirmatione:
1715 1563 1956 1629 scripsit
1999 1562 2111 1616 hac
2154 1562 2232 1614 de·
2268 1580 2446 1619 causa
2539 1571 2542 1575 ⁴

178 1634 535 1700 praesentem
575 1632 923 1700 Epistulam.
1013 1631 1233 1689 Primis
1291 1642 1493 1689 autem
1537 1632 1726 1686 tribus
1775 1632 2444 1713 capitibusffpraebipue

181 1712 421 1755 versatur
459 1703 529 1754 in
572 1701 1085 1753 commendatione
1115 1699 1344 1768 gratiae
1373 1702 1509 1754 D'ei.
1558 1717 1696 1753 nam
1721 1710 1926 1761 statim
1955 1702 2027 1753 ab
2049 1699 2230 1752 initio
2260 1701 2444 1768 primi

179 1770 395 1839 capitis,
436 1779 576 1840 post
611 1769 1058 1837 salutationem,
1099 1771 1169 1822 de
1197 1771 1463 1840 gratuita
1491 1772 1611 1823 Dei
1642 1769 1939 1845 electione
1965 1770 2238 1823 disserit:
2282 1780 2350 1823 ut
2382 1787 2446 1823 se

178 1838 476 1894 ideonunc
503 1847 750 1892 vocatos
782 1856 906 1891 esse
931 1838 990 1890 in
1017 1851 1272 1908 regnum
1298 1839 1417 1892 Dei
1446 1848 1793 1910 agnoscant,
1832 1839 1975 1909 quia
2003 1838 2283 1892 destinati
2314 1840 2446 1892 fue-

180 1908 386 1960 rant‘ad
413 1909 635 1975 vitam,
672 1917 988 1989 antequam
1015 1918 1434 1961 nascerentur.¹
1499 1907 1612 1960 Hic
1652 1916 1852 1959 autem
1887 1907 2152 1976 refulget
2191 1908 2445 1973 admira-

174 1975 296 2030 bilis
317 1977 427 2031 Dei
460 1976 910 2044 misericordia,
965 1979 1124 2057 quod
1155 1978 1312 2030 salus
1339 1977 1648 2031 hominum
1682 1993 1754 2028 ex
1792 1977 2055 2047 gratuita
2095 1978 2446 2045 adoptione,

134 2082 139 2093 .
181 2053 430 2116 tanquam
470 2063 549 2099 ex
588 2062 734 2099 vero
778 2056 839 2098 et
873 2056 1073 2099 nativo
1108 2047 1313 2114 fonte,
1372 2056 1592 2099 manat.
1691 2045 1879 2097 Porro
1922 2045 2446 2115 quiafobtusiores

128 2118 133 2123 ’
188 2124 303 2167 sunt
324 2115 639 2169 hominum
665 2123 919 2181 mentes,
959 2131 1135 2184 quam
1162 2125 1230 2168 ut
1256 2125 1380 2168 tam
1407 2116 1666 2168 sublime
1695 2109 1976 2167 arcanuin
2008 2117 2262 2182 capiant,
2304 2131 2448 2166 con-

187 2184 336 2235 vertit
371 2203 431 2238 se
470 2185 550 2237 ad
586 2183 1028 2253 precationemz
1082 2193 1153 2237 ut
1183 2185 1255 2237 ad
1286 2183 1524 2252 plenam
1554 2181 1776 2237 Christi
1809 2184 2218 2253 cognitionem
2251 2184 2448 2253 Ephe-

181 2250 285 2302 sios
302 2254 450 2307 Deus
490 2253 824 2307 illuminet.
912 2254 1184 2309 Secundo
1224 2251 1453 2322 capite,
1504 2263 1568 2306 ut
1603 2253 1832 2322 gratiae
1870 2253 2336 2322 magnitudinem
2376 2269 2448 2305 ex

182 2324 595 2389 comparatione
636 2321 996 2389 amplificet,
1049 2322 1288 2375 reducit
1315 2321 1458 2375 ‘illis
1495 2322 1563 2385 in
1602 2321 1986 2382 memoriam,
2039 2340 2212 2391 quam
2243 2321 2447 2374 miseri

178 2388 403 2460 fuerint,
440 2401 768 2462 antequam
797 2389 869 2442 ad
900 2390 1210 2445 Christum
1242 2400 1439 2444 essent
1468 2392 1684 2443 vocati.
1768 2391 2085 2459 Nunquam
2120 2392 2275 2444 enim
2305 2389 2447 2445 satis

181 2460 473 2530 sentimus,
518 2470 817 2532 quantum
845 2460 1162 2513 debeamus
1188 2460 1464 2528 Christo,
1502 2477 1616 2526 neo
1637 2459 1780 2515 satis
1811 2476 1919 2527 pro
1952 2460 2243 2531 dignitate
2267 2476 2449 2529 repu-

180 2535 374 2596 tamus,
419 2539 644 2600 quanta
684 2529 807 2583 sint
852 2546 994 2599 erga
1039 2546 1149 2581 nos
1190 2530 1316 2583 eius
1352 2529 1688 2596 beneficia,
1739 2528 1852 2581 nisi
1879 2546 2060 2598 quum
2094 2547 2164 2582 ex
2201 2531 2447 2582 adverso

178 2597 328 2650 nobis
366 2600 437 2652 ob
480 2598 691 2652 oculos
732 2599 1012 2668 ponitur,
1051 2616 1228 2668 quain
1259 2597 1472 2650 infelix
1501 2599 1576 2651 sit
1602 2607 1768 2651 extra
1791 2598 1989 2665 ipsum
2017 2609 2220 2660 nostra
2251 2598 2449 2652 condis

178 2665 271 2716 tio.
317 2667 601 2723 -Secunda
629 2667 1012 2736 amplificatio
1043 2677 1164 2734 est,
1202 2668 1362 2738 quod
1391 2666 1666 2720 Gentiles
1701 2677 1878 2720 erant
1911 2665 2091 2719 alieni
2127 2684 2160 2720 a
2194 2665 2449 2736 promis‘·

177 2732 415 2791 sionibus
456 2737 622 2790 vitae
663 2746 971 2802 aeternae,
1021 2735 1236 2805 quibus
1261 2739 1422 2789 Deus
1451 2737 1608 2789 solos
1639 2735 1891 2790 Iudaeos
1921 2735 2201 2806 dignatus
2231 2739 2449 2789 fuerat.

178 2803 358 2856 Tertio
401 2823 467 2859 ca
513 2806 602 2859 ite
640 2823 811 2859 suum
849 2805 1265 2886 Apostolatum
1303 2823 1378 2873 pe
1425 2795 1706 2860 uliariter
1750 2803 2049 2859 Gentibus
2087 2808 2448 2858 destinatum

179 2886 283 2923 esse
319 2891 457 2943 prae
498 2875 660 2942 icat,
708 2883 777 2927 ut
817 2890 919 2943 qui
960 2875 1233 2927 extranei
1276 2875 1380 2927 diu
1439 2875 1668 2941 uerint,
1721 2890 1884 2936 nunc
1918 2873 1983 2925 in
2010 2875 2121 2926 Dei
2157 2877 2449 2943 populum

177 2937 508 2999 inserantur.
561 2943 790 3014 ebquia
815 2960 908 2995 res
942 2953 1069 2995 erat
1097 2942 1376 3012 insolita,
1414 2960 1518 2995 sua
1565 2961 1638 2995 ue
1668 2942 1934 2994 no'vitate
1962 2943 2448 2996 multorumuni-

180 3022 285 3061 mos
323 3013 639 3079 turbabat,
689 3019 869 3065 'vocat
908 3011 1258 3081 mysterium
1292 3029 1325 3065 a
1359 3029 1534 3064 saecu
1560 3012 1609 3063 is
1638 3010 2085 3076 absconditum:
2143 3014 2246 3064 sed
2275 3010 2448 3063 cuius

181 3074 504 3146 dispensatio
554 3080 743 3133 fuerit
784 3080 896 3133 sibi
944 3078 1276 3133 commissa.
1363 3081 1541 3133 Circa
1567 3081 1749 3133 finem
1776 3078 1997 3132 iterum
2030 3091 2345 3149 precatur,
2382 3090 2449 3131 ut

180 3143 314 3200 Deus
338 3149 575 3204 imbuat
603 3149 888 3230 Ephesios
917 3149 1103 3204 solida
1123 3148 1344 3202 Christi
1369 3148 1799 3217 intelligentia,
1837 3165 1914 3201 ne
1963 3149 2065 3202 uid
2093 3151 2257 3203 aliud
2286 3150 2449 3202 scire
2529 3217 2532 3222 μ

179 3226 450 3283 appetant.
541 3216 704 3271 Finis
734 3231 931 3272 autem
965 3228 1087 3285 est,
1139 3234 1259 3270 non
1286 3227 1523 3271 tantum
1548 3227 1617 3269 ut
1642 3228 1732 3270 tot
1758 3218 1911 3270 bene
1960 3219 2194 3272 ciorum
2221 3233 2449 3271 memo·

175 3295 257 3334 res
284 3295 475 3353 gratos
516 3305 582 3340 se
619 3287 749 3339 Deo
786 3296 1127 3356 praestent,
1194 3288 1374 3357 idque
1414 3294 1743 3355 testentur,
1798 3303 1860 3339 se
1900 3294 2063 3340 totos
2095 3288 2194 3339 illi
2237 3305 2448 3340 conse·

178 3355 370 3406 crando
389 3374 405 3407 ε
449 3356 555 3410 sed
579 3357 764 3425 magis
788 3365 853 3409 ut
885 3373 1121 3409 omnem
1142 3354 1265 3408 illis
1288 3356 1358 3408 de
1389 3374 1493 3409 sua
1520 3358 1829 3408 vocatione
1858 3355 2298 3410 dubitationem
2324 3356 2447 3409 exi-

173 3427 297 3472 mat.
365 3424 473 3477 Est:
512 3425 673 3476 enim
710 3424 1075 3490 verisimile,
1124 3424 1381 3478 veritum
1407 3424 1588 3482 fuisse
1617 3425 1894 3489 Paulum,
1930 3443 2005 3477 ne
2031 3425 2211 3480 fidem
2234 3441 2442 3479 'eorum

174 3486 456 3544 turbarent
483 3493 992 3564 pseudoapostoli,
1028 3494 1194 3563 quasi
1222 3512 1291 3547 ex
1314 3494 1572 3548 ,dimidio
1603 3503 1838 3546 tantum
1866 3493 2120 3546 fuissent
2144 3489 2458 3548 instituti.'

174 3553 406 3612 Fuerant
446 3561 609 3614 enim
640 3559 941 3628 Gentiles,
992 3573 1081 3629 et,
1135 3580 1354 3631 purum
1384 3561 1907 3615 Christianismum
1946 3564 2247 3632 amplexi,
2296 3563 2447 3616 nihil

175 3620 238 3672 de
272 3629 659 3693 ceremoniis,
707 3631 860 3683 nihil
895 3632 967 3683 de
999 3632 1471 3684 Cir‘cumcisione'
1502 3631 1829 3685 audierant.
1919 3635 1994 3682 At
2023 3649 2163 3684 vero
2196 3632 2299 3702 qui
2337 3633 2448 3683 Le-

174 3706 290 3758 gem
322 3695 680 3766 ingerebant
715 3700 1106 3768 Christianis,
1156 3701 1548 3754 clamitabant
1578 3718 1816 3764 omnes,
1865 3702 2150 3769 profanos
2185 3718 2315 3754 esse
2347 3701 2450 3770 qui

171 3775 276 3812 non
315 3777 508 3823 essent
550 3784 657 3835 per
688 3769 1075 3823 Circumcisio
1128 3786 1220 3821 ern
1263 3767 1683 3824 Deo'initiati.
1741 3786 1885 3821 nam
1922 3769 2071 3822 haec
2115 3771 2450 3823 communis

175 3840 285 3907 erat
323 3849 532 3888 eorum
572 3838 900 3900 cantilena,
949 3837 1253 3891 neminem
1285 3839 1501 3892 debere
1536 3838 1775 3890 censeri
1802 3838 1866 3888 in
1895 3840 2120 3908 populo
2146 3841 2298 3906 Dei,
2338 3838 2450 3896 nisi

176 3905 601 3957 circumcisum:
630 3908 964 3966 „servandos
1014 3924 1141 3959 esse
1181 3924 1382 3960 omnes
1418 3907 1572 3958 ritus
1605 3923 1638 3958 a
1666 3909 1834 3958 Mose
1861 3917 2235 3977 praeceptos.
2314 3910 2453 3959 Ideo

174 3963 395 4024 Paulum
434 3975 983 4040 calumniabantur,
1030 3975 1197 4047 quod
1230 3975 1534 4028 Gentibus
1576 3991 1870 4045 peraeque
1913 3994 1981 4028 ac
2013 3977 2245 4029 Iudaeis
2276 3977 2451 4028 Chri—

176 4038 313 4112 stum
337 4039 565 4093 faceret
592 4060 995 4097 communem:
1037 4056 1096 4097 et
1129 4044 1251 4097 eius
1281 4043 1697 4111 Apostolatum
1725 4043 2065 4096 asserebant
2098 4062 2222 4097 esse
2251 4046 2456 4110 coele·-

175 4111 266 4153 sus
302 4106 599 4162 doctrinae
643 4113 1158 4181 profanationem,
1215 4116 1372 4183 quod
1412 4112 1623 4164 foedus
1662 4113 1889 4181 gratiae
1919 4113 2165 4180 impuris
2195 4112 2450 4165 hominiss

174 4167 271 4221 bus
313 4176 432 4230 sine
478 4178 716 4232 delectu
760 4181 1177 4249 prostitueret.
1251 4183 1410 4250 Ergo
1458 4198 1535 4232 ne
1575 4180 1794 4233 talibus
1837 4181 2144 4235 calumniis
2186 4179 2448 4249 impetiti

176 4235 393 4306 Ephesii
425 4245 839 4316 lahasec-rent,
887 4250 1012 4301 illis
1054 4250 1375 4304 subvenire
1416 4251 1625 4302 voluit.
1701 4253 1909 4318 Itaque
1940 4268 2122 4320 quum
2153 4262 2271 4302 tam
2311 4249 2445 4302 dili-

178 4319 363 4383 genter
399 4314 533 4368 ideo
578 4327 817 4370 vocatos
857 4319 928 4371 ad
959 4319 1345 4390 Evangelium
1387 4321 1564 4374 fuisse
1604 4317 1901 4385 disputat,
1940 4318 2291 4386 quiaelecti
2321 4320 2447 4369 fue-
2487 4351 2508 4376 ,

170 4385 284 4449 ‘rint
324 4391 458 4434 ante
499 4387 701 4439 mundi
742 4390 1132 4439 creationem:
1187 4404 1258 4439 ex
1299 4389 1545 4441 adverso
1589 4387 1899 4466 prohibet,
1953 4404 2024 4438 ne
2064 4399 2290 4440 temere
2326 4388 2446 4441 sibi
2493 4384 2501 4390 ’

182 4440 409 4504 allatum
437 4452 614 4509 fuisse
643 4457 1036 4523 Evangelium
1067 4455 1408 4512 existiment
1433 4454 1700 4546 hominis
1731 4453 2069 4523 voluntate,
2124 4466 2226 4507 aut
2267 4456 2446 4508 advo-

1649 4524 1749 4587 1*
