2820 4895
116 1295 125 1300 ,
214 1245 467 1312 moduni
494 1252 714 1310 dicitur
741 1253 806 1303 in
831 1254 951 1304 fine
985 1253 1132 1319 epist

456 160 620 288 fan
683 146 1812 280 russeum-meamus
1856 192 1910 257 ι.
1970 192 2129 259 οη.
2169 168 2307 290 111]
2411 198 2563 261 ιειι
2633 199 2638 204 ·
2709 163 2714 166 ⁴

238 361 567 417 studerent.
637 361 872 414 Interea
896 358 1327 413 auctoritatem
1355 357 1650 414 conciliat
1674 361 2016 430 doctrinae,
2054 379 2227 433 quam
2254 380 2290 417 a
2311 361 2524 416 'rimo-

231 434 376 485 theo
421 439 843 497 perceperant,
892 439 959 481 ut
996 430 1210 483 melius
1249 430 1430 481 infixa
1470 446 1676 488 efforum
1713 431 2031 483 memoriae
2062 441 2315 484 maneat.
2387 434 2519 484 Me·

230 502 354 551 rito
386 500 785 563 autemdicit,
824 514 884 549 se
923 496 1058 548 ideo
1088 500 1322 549 misisse
1359 497 1739 562 Timotheum,
1779 511 1843 550 ut
1871 518 1902 550 a
1930 517 2035 552 suo
2068 516 2235 554 exem
2281 500 2341 551 lo
2372 516 2518 553 con-

226 568 628 622 firmationem
665 566 802 617 fidei
845 566 1205 632 acciperent.
1286 569 1540 617 Terrere
1571 582 1671 617 eos
1699 577 1979 635 poterant
2006 585 2211 635 parum
2269 568 2389 619 aeti
2414 584 2518 621 ru·

223 651 423 690 mores
460 637 533 686 de
617 635 1165 703 ersequutionibus,
1218 635 1317 686 sed
1356 635 1547 702 magis
1589 652 1689 686 eos
1729 636 1995 687 animare
2036 637 2290 689 debebat
2327 636 2514 689 intre-

221 709 360 777 pida
389 704 559 756 Pauli
626 703 926 754 onstantia
946 739 961 765 ,
1000 720 1074 754 ne
1096 702 1476 755 fatiscerent.
1565 702 1642 756 Et
1671 701 1832 756 cei-te
1862 706 1976 757 huc
2006 706 2186 757 etiam
2211 722 2274 759 se
2306 715 2512 766 exten-

220 777 311 827 dit
341 772 808 826 communicatio
829 810 845 838 ,
886 787 1036 841 quae
1068 770 1230 824 inter
1255 781 1495 824 sanctos
1526 780 1586 822 et
1616 773 1877 824 membra
1908 772 2127 826 Christi
2159 790 2281 826 esse
2311 774 2508 842 debet,

213 856 284 897 nt
326 841 683 894 fidesfunius
721 839 976 892 aliorum
1016 840 1096 889 sit
1139 840 1485 891 consolatio.
1558 841 1652 891 Ita
1685 858 1861 910 quum
1891 840 2165 894 audirent
2194 841 2510 895 Thessalo-

216 907 766 967 nicensesd'aulum
795 907 1092 960 indefesso
1125 909 1323 962 studio
1355 924 1631 977 pergere,
1669 925 1951 975 superare
1983 909 2340 963 fortitudine
2368 908 2510 964 fidei

221 981 426 1034 omnia
466 977 816 1030 discrimina
856 983 1175 1047 omnesque
1217 977 1633 1042 difficultates,
1684 977 1863 1031 fidem
1901 980 2025 1031 eius
2055 978 2268 1048 ubique
2302 978 2508 1031 adve‘r-

217 1068 314 1103 sus
344 1052 622 1102 satanam
651 1057 709 1096 et
735 1047 1023 1105 mundum
1055 1045 1364 1097 victricem
1391 1056 1580 1110 stare:
1622 1046 1735 1097 hoc
1767 1064 1883 1098 non
1914 1064 2123 1116 parum
2152 1048 2507 1100 consolatio·

213 1120 308 1171 nis
337 1118 463 1170 illis
491 1115 801 1173 afferebat.
873 1113 1229 1168 Praesertim
1256 1132 1396 1165 vero
1424 1127 1533 1166 nos
1558 1125 1832 1180 movent,
1882 1116 1976 1167 vel
2015 1116 2221 1167 saltem
2262 1132 2506 1168 movero

214 1188 438 1240 debent
479 1202 682 1238 corum
722 1183 990 1252 exempla
1016 1223 1031 1246 ,
1085 1202 1118 1235 a
1197 1183 1368 1235 uibus
1404 1200 1604 1235 sumus
1641 1181 1703 1233 in
1738 1185 1853 1240 fide
1880 1183 2174 1238 instituti:
2224 1185 2504 1253 quemad·

1139 1203 1266 1303 tilae
1300 1253 1371 1304 ad
1397 1252 1703 1304 Hebraeos
1737 1252 1850 1319 (13,
1877 1252 1971 1322 7.).
2061 1253 2354 1323 Intelligit
2391 1252 2503 1305 ita-

213 1343 332 1395 que
365 1324 579 1376 Paulus
619 1341 723 1375 suo
764 1322 1031 1390 exemplo
1076 1320 1348 1373 debuisse
1383 1320 1696 1385 sustineri,
1745 1338 1821 1374 ne
1853 1321 1915 1372 in
1956 1321 2383 1382 afflictionibus
2414 1322 2505 1376 fa-

212 1398 522 1446 tiscerent.
608 1391 764 1460 Quia
805 1402 1004 1443 autem
1047 1390 1266 1441 offendi
1306 1389 1615 1457 poterant,
1664 1390 1712 1441 si
1752 1389 1979 1443 veritus
2019 1390 2232 1443 fuisset
2266 1390 2520 1460 Paulus,

123 1451 137 1462 ’
210 1480 290 1514 ne
323 1460 779 1514 succumberent
808 1474 1011 1510 omnes
1042 1457 1493 1527 persequutioni
1537 1458 1704 1526 (quia‘
1732 1457 1851 1510 hoc
1880 1457 2112 1512 scilicet
2143 1459 2356 1512 nimiae
2381 1459 2499 1511 dif-

143 1555 147 1560 ’
207 1531 500 1584 fidentiae
536 1529 716 1597 erat),
762 1537 1060 1595 temperat
1100 1528 1254 1579 hanc
1290 1526 1675 1595 asperitatem
1711 1544 1893 1595 quum
1931 1527 2075 1579 dicit
2101 1529 2361 1598 Nequis,
2403 1528 2499 1581 vel

207 1611 281 1653 nt
304 1616 502 1650 nemo.
574 1593 798 1650 Merito
825 1606 1024 1650 autem
1051 1596 1168 1648 hoc
1193 1595 1525 1648 timendum
1552 1594 1696 1662 fuit,
1736 1596 1968 1664 quando
1998 1613 2237 1666 sempor
2260 1598 2322 1652 in
2350 1614 2497 1670 quo·

207 1669 299 1721 vis
328 1677 505 1719 coetu
536 1666 722 1735 aliqui
751 1673 889 1717 sunt
908 1665 1161 1728 infirmi.

349 1736 404 1789 3.
479 1736 598 1802 Ipsi
635 1736 788 1785 enim
822 1735 1032 1802 nost-is.
1103 1734 1253 1807 Quia
1288 1732 1555 1785 libenter
1590 1747 1651 1784 sc
1690 1734 2269 1788 omnes»subeundae
2305 1734 2539 1789 cruciat

206 1804 961 1864 necessitateexime'rent:
1013 1804 1288 1855 admonet
1313 1803 1524 1853 Paulus
1549 1819 1670 1852 non
1700 1819 1824 1854 esse
1852 1820 1959 1854 cur
1985 1803 2048 1854 in
2077 1805 2494 1873 persequutio-

205 1875 392 1927 nibus·
426 1881 816 1941 expavescant
848 1871 1057 1924 fideles
1097 1871 1263 1940 quasi
1299 1869 1371 1922 ad
1410 1887 1538 1922 rem
1569 1881 1926 1923 novam-aut
1969 1871 2316 1939 insolitam,
2352 1872 2495 1942 quia

201 1943 360 1996 haec
390 1953 594 1994 nostra
623 1942 696 2006 sit
726 1940 1028 2007 conditio,
1064 1956 1236 2009 quam
1266 1940 1439 1991 nobis
1469 1939 1757 1991 Dominus
1791 1940 2094 2007 imposuit.
2165 1942 2320 1993 Nam
2344 1941 2494 1995 haec

200 2011 480 2081 loquutio
509 2012 578 2060 In
603 2012 708 2061 hoc
736 2026 931 2059 sumus
961 2009 1300 2073 constituti,
1342 2008 1692 2061 tantundem
1729 2008 1889 2060 valet
1918 2026 1990 2060 ac
2019 2009 2070 2060 si
2103 2007 2353 2062 dixisset
2379 2012 2491 2063 hae

198 2080 347 2148 lege
372 2096 492 2131 non
519 2095 642 2131 esse
669 2077 1052 2130 Christianos.
1132 2077 1300 2129 Dicit
1330 2085 1526 2129 autem
1554 2077 1709 2144 ipsos
1737 2075 1895 2128 scire
1913 2095 1931 2129 =
1978 2077 2118 2147 quia
2142 2079 2353 2131 fortius
2382 2096 2509 2146 pu·-

204 2164 399 2219 gnare
435 2147 594 2217 ipsos
631 2146 915 2207 decebat,
968 2162 1149 2213 quum
1185 2146 1250 2197 in
1282 2154 1554 2213 tempore
1590 2145 1849 2197 fuissent
1880 2145 2263 2212 praemoniti.
2330 2146 2492 2200 Addo

204 2217 372 2287 quod
408 2215 566 2285 apud
605 2216 779 2269 rudes
818 2214 1150 2284 atignaros
1178 2214 1423 2267 Paulum
1466 2214 1732 2266 assiduae
1773 2213 2135 2271 afflictiones
2164 2214 2491 2270 reddebant

203 2285 723 2352 contemptibilem
741 2303 758 2338 z
807 2282 940 2336 ideo
968 2283 1126 2335 nihil
1154 2282 1265 2335 sibi
1294 2299 1403 2333 usu
1429 2282 1663 2335 venisse
1691 2292 2145 2351 commemorat,
2190 2283 2303 2336 nisi
2336 2282 2490 2355 quod

201 2363 491 2424 tanquam
517 2361 681 2406 vates
703 2351 898 2406 multo
926 2361 1061 2403 ante
1090 2345 1473 2422 praedixerit.
1786 2370 1800 2385 ¹

146 2469 155 2473 -
310 2423 398 2477 Δ>5.
476 2424 562 2478 Ne
587 2423 754 2491 sorte
790 2434 1088 2473 tentasset.
1162 2422 1295 2473 Hoc
1325 2421 1510 2474 verbo
1554 2420 1732 2473 docet
1765 2419 2060 2474 timendas
2094 2433 2331 2490 semper
2364 2435 2492 2475 esse

202 2492 603 2557 tentationes,
655 2491 797 2563 quia
827 2490 1135 2559 proprium
1169 2491 1420 2543 Satanae
1453 2489 1719 2543 officium
1748 2490 1827 2542 sit
1854 2501 2111 2544 tentare.
2196 2491 2512 2560 quemad·-

130 2568 131 2571 ’
204 2561 452 2614 modum
483 2569 679 2612 autem
707 2559 817 2621 ille,
837 2559 1098 2628 nudique
1123 2558 1367 2613 insidias
1389 2560 1567 2611 nobis
1595 2569 1841 2625 struere,
1877 2567 1938 2610 et
1965 2560 2207 2628 laqueos
2234 2559 2488 2616 circum·

205 2630 373 2682 circa
413 2630 660 2681 tendere
701 2628 872 2681 nobis
914 2645 1028 2680 non
1067 2636 1293 2687 cessat:
1345 2628 1435 2682 ita
1459 2645 1564 2681 nos
1595 2627 1656 2680 in
1688 2628 1952 2684 excubiis
1979 2645 2108 2680 *esse
2135 2638 2371 2697 oportet
2396 2627 2490 2684 in·

200 2708 404 2751 tentos
443 2697 514 2750 ad
554 2686 904 2750 cavendum.
985 2701 1069 2749 Ac
1102 2707 1222 2751 tam
1255 2708 1458 2776 aperte
1486 2697 1667 2763 dicit,
1721 2699 1877 2768 quod
1909 2696 2080 2749 initio
2110 2695 2272 2765 quasi
2306 2696 2487 2750 nimis

203 2775 482 2834 asperum
513 2766 851 2834 refugerat,
889 2781 1103 2833 nempe
1130 2782 1190 2818 se
1218 2767 1400 2819 fuisse
1431 2765 1750 2818 sollicitum
1778 2783 1851 2817 ne
1879 2765 2035 2816 irriti
2066 2773 2257 2818 essent
2282 2766 2374 2817 sui
2399 2767 2488 2818 la·-

200 2836 416 2901 bores,
465 2833 514 2888 si
547 2834 704 2887 forte
727 2835 1099 2905 praevaleret
1127 2837 1329 2889 Satan.
1407 2838 1595 2904 Atque
1619 2834 1735 2886 hoc
1764 2835 1907 2886 facit
1931 2842 1999 2887 ut
2024 2833 2231 2888 sedulo
2257 2833 2487 2904 advigi-

206 2902 340 2957 lent
366 2902 522 2974 ipsi,
557 2911 618 2956 et
647 2903 843 2956 acrius
869 2919 931 2956 se
956 2902 1341 2956 exstimulent
1366 2903 1437 2957 ad
1466 2903 1881 2957 resistendum.

377 3036 439 3098 6.
498 3035 733 3122 Nuper
771 3045 994 3111 autem
1035 3046 1241 3119 quum
1278 3035 1574 3096 venisset
1600 3031 1998 3097 Timotheus
2027 3033 2112 3097 ad
2137 3051 2264 3097 nos
2293 3050 2328 3095 a
2354 3050 2491 3099 vo·-

203 3120 347 3197 bis,
403 3129 472 3182 et
507 3118 968 3200 annuntiasset
1011 3120 1205 3181 nobis
1248 3116 1448 3180 fidem
1487 3129 1557 3181 et
1595 3117 2025 3182 dilectionem
2053 3131 2378 3194 vestram,
2421 3129 2491 3181 et

203 3203 390 3288 quod
418 3205 663 3267 bonam
694 3208 914 3268 nostri
946 3205 1340 3267 memoriam
1371 3201 1634 3267 habetis
1670 3221 1970 3292 semper,
2005 3203 2489 3268 ‘desiderantes

199 3308 332 3355 nos
361 3287 623 3364 videre,
666 3287 1230 3370 quemadmodum
1260 3299 1329 3351 et
1353 3291 1637 3374 nosipsi
1663 3307 1818 3354 vos:
1918 3291 1984 3354 7.
2033 3287 2198 3353 Inde
2236 3306 2489 3352 conso,-

199 3372 526 3439 lationem
570 3377 996 3460 percepimus
1022 3371 1286 3438 ‘fratres
1328 3372 1413 3436 de
1451 3375 1675 3449 vobis,
1733 3376 1802 3436 in
1834 3374 2018 3449 omni
2052 3370 2490 3440 tribulatione

184 3454 274 3522 'et
304 3461 707 3522 necessitate
737 3470 964 3522 nostra
994 3477 1118 3547 per
1148 3471 1433 3522 vestram
1462 3457 1658 3520 fidem
1681 3477 1704 3520 :⁷
1782 3460 1842 3520 8.
1891 3456 2074 3538 Quia
2098 3478 2279 3521 nunc
2311 3458 2494 3523 vivi-

125 3597 129 3601 .
200 3560 391 3619 mus,
459 3545 517 3607 si
557 3561 678 3608 vos
724 3546 918 3606 statis
959 3545 1029 3607 in
1075 3541 1389 3605 Domino.
1505 3545 1572 3606 9.
1639 3539 1857 3623 Quam
1900 3545 2079 3605 enim
2122 3544 2489 3626 gratiarum

199 3624 545 3694 actionem
634 3631 920 3693 os'simus
961 3627 1108 3690 Deo
1149 3622 1433 3690 reddere
1472 3625 1557 3689 de
1596 3628 1827 3702 vobis,
1893 3630 1962 3687 in
2011 3629 2199 3688 omni
2241 3626 2487 3710 gaudio
2563 3676 2568 3679 ,

168 3786 171 3787 ⁷
201 3711 392 3797 quod
428 3730 556 3798 gau
609 3731 799 3777 emus
888 3721 1122 3798 ropter
1149 3712 1268 3776 vos
1300 3729 1526 3774 coram
1553 3710 1703 3773 Deo
1731 3703 2009 3790 nostro,
2113 3713 2209 3773 1st
2266 3709 2490 3775 Nocte

202 3814 283 3859 ac
315 3797 427 3860 die
460 3800 664 3884 supra
692 3817 804 3860 mo
858 3818 970 3858 um
996 3809 1388 3881 precante8‚
1438 3806 1516 3857 ut
1540 3795 1883 3872 videamus
1907 3793 2150 3859 faciem
2174 3808 2489 3872 vestram,

201 3883 775 3968 ‹tt-suppleamus„
806 3901 975 3966 quae
1001 3879 1153 3945 fidei
1180 3892 1438 3945 vestrae
1465 3877 1763 3943 desunt?
1798 3944 1807 3950 ,
1949 3928 1972 3947 s
2091 3936 2094 3939 ,
2325 3908 2330 3912 -

345 3999 466 4052 Hic
494 3999 614 4052 alio
643 4005 997 4067 argumento
1023 3995 1418 4066 demonstrat,
1461 4012 1635 4065 quam
1676 3993 1962 4065 singulari
1991 4011 2129 4063 erga
2160 4006 2263 4046 eos
2286 3978 2489 4045 &inore

200 4068 282 4122 uit
317 4070 605 4134 affectus,
655 4067 812 4136 quod
847 4064 1084 4133 scilicet
1119 4066 1275 4117 laeto
1309 4065 1584 4132 prosperi
1618 4080 1826 4116 eorum
1856 4074 2042 4117 status
2070 4064 2286 4116 nuntio
2315 4060 2488 4131 quasi

201 4144 461 4201 extrase
491 4147 694 4206 raptus
716 4134 930 4186 fuerit.
996 4134 1306 4186 Notandae
1325 4134 1496 4184 v'enim
1521 4142 1656 4185 sunt
1684 4128 2195 4198 circumstantiae,
2225 4148 2365 4201 quas
2394 4146 2489 4180 re·
2537 4162 2550 4169 f

203 4216 427 4259 censet.
475 4204 540 4256 in
568 4203 900 4259 afflictione
928 4218 998 4256 ac
1020 4205 1373 4255 necessitate
1405 4212 1567 4254 erat:
1601 4217 1739 4263 „non
1772 4219 1914 4272 ergo
1944 4203 2253 4254 videbatur
2280 4194 2489 4250 hilari-

40 4292 47 4305 s
143 4278 153 4299 '
201 4275 313 4326 tati
354 4288 482 4328 esse
528 4273 714 4327 locus.
797 4271 910 4325 Sed
938 4268 1218 4340 quum'de
1244 4269 1880 4323 Thessalonicensibus
1922 4260 2087 4324 audit
2126 4268 2281 4338 quod
2324 4275 2492 4333 opta-

203 4343 348 4407 bat,
398 4342 572 4414 quasi
616 4339 907 4397 exstincto
953 4342 1248 4397 malorum
1288 4339 1600 4409 sensu,rin
1627 4340 1912 4413 gaudium
1944 4349 2003 4393 et
2029 4333 2497 4410 ”gratulationem

986 4546 1015 4575 x
2324 4574 2522 4609 ἱ,»-

2511 4610 2608 4669 „f
