2820 4895
597 254 639 289 ‘2
739 260 870 324 An
931 224 1516 325 HEBRAEOS
1580 256 1741 323 cir.
1790 261 1854 328 ι,
2280 264 2434 326 seo
2512 238 2523 251 ‘

147 431 408 483 ordinem
441 429 1096 498 describat,.'quem·in
1119 426 1328 483 mun'di
1360 427 2232 489 administratione-cernimus:
2270 425 2422 483 nihil

133 500 361 551 'certius
398 508 517 563 est,
558 515 733 566 quam
767 498 868 551 hic
895 498 1034 567 isieri
1069 499 1441 567 mentionem
1481 502 1830 563 ventorum,
1866 511 2011 567 quos
2051 495 2197 548 dicit
2235 513 2267 548 a
2296 497 2416 548 Do-

137 567 293 619 mino
321 567 454 618 sieri
482 566 749 632 nuntios,
788 568 923 636 quia
967 584 1072 634 pro
1114 565 1614 619 cursoribus‘illis
1648 576 1882 637 utatur,
1920 564 2418 634 quemadmodum

83 694 88 697 Ἴ
135 635 480 697 fulminibus
524 637 662 687 dum
713 647 933 703 terram
990 637 1348 702 perlustrat,
1413 652 1590 704 quam
1640 636 1864 686 celeres
1905 645 1965 685 et
2003 635 2303 701 expeditos
2344 630 2417 684 ad

135 704 402 757 obeunda·
443 716 547 755 sua
589 704 740 755 iussa
782 703 1083 755 ministros
1121 705 1372 767 habeat,
1414 702 1695 755 ostendit:
1752 702 1939 755 *Nihil
1971 703 2087 753 hoc
2123 704 2195 753 ad
2227 704 2415 768 Ange·-
2484 742 2489 749 .

132 772 234 824 los
264 771 543 839 pertinet.
644 771 1007 841 Quidamad
1046 770 1395 841 allegoriam
1440 772 1838 838 >confugiunt„
1888 758 2414 840 qua'si'Apostolus
2484 758 2529 791 '⁴

134 851 402 909 apertum
435 850 494 893 et
519 841 847 892 litteralem
878 844 970 904 (ut
1010 841 1255 907 vocant)
1299 856 1538 892 sensum
1577 840 1901 907 allegorice
1939 839 2011 890 de
2041 838 2279 907 Angelis
2317 856 2414 890 ex-

132 918 397 976 poneret.
472 908 621 960 Mihi
654 919 854 961 autem
895 909 1083 976 magis
1115 909 1317 975 placet
1359 907 1476 960 hoc
1520 908 1928 959 testimonium
1973 905 2056 957 sic
2097 904 2414 959 adductum

134 984 287 1041 esse,
347 986 416 1028 ut
455 993 564 1045 per
597 976 1032 1030 similitudinem
1067 973 1302 1043 Angelis
1346 977 1833 1028 accommodetur
1869 976 1983 1027 hoc
2023 976 2237 1039 modo,
2270 970 2409 1025 'Da-
2487 990 2493 1013 ²

127 1043 224 1095 vid
252 1045 486 1114 Angelis
516 1054 826 1114 comparat
854 1054 1091 1110 ventos,
1128 1056 1194 1096 ut
1228 1043 1420 1095 hic'in
1446 1047 1669 1119 mundo
1711 1044 1868 1096 idem
1915 1052 2229 1095 exerceant
2276 1043 2409 1094 offi-

132 1113 317 1180 cium,
356 1113 516 1183 quod
551 1113 613 1166 in
647 1113 809 1167 coelo
843 1113 1081 1179 Angelit,
1122 1124 1260 1165 sunt
1304 1111 1467 1165 enim
1514 1112 1676 1164 venti
1722 1112 1885 1182 quasi
1928 1109 2198 1163 visibiles
2237 1111 2406 1179 spiri·

129 1189 262 1233 tusa
311 1183 387 1234 Et
426 1198 566 1233 saue
605 1181 1098 1250 quemadmodum
1136 1186 1331 1233 Moses
1366 1183 1425 1234 iu
1469 1181 1770 1233 creatione
1815 1178 2019 1233 mundi
2062 1188 2297 1232 tantum
2339 1197 2415 1230 ea·
2466 1218 2477 1227 ,

128 1258 587 1316 commemorat,
636 1268 791 1321 quae
827 1251 934 1309 sub
972 1268 1168 1303 sensus
1200 1258 1436 1302 nostros
1471 1250 1722 1316 cadunt,
1762 1260 1820 1301 et
1856 1262 2054 1302 tamen
2083 1249 2211 1300 vult
2239 1264 2406 1314 supe-

127 1317 279 1370 riora
320 1319 507 1370 etiam
541 1318 802 1388 intelligi
825 1338 842 1372 τ
888 1319 972 1370 sic
1000 1320 1196 1375 David
1221 1319 1281 1368 in
1313 1318 1425 1369 illa·
1449 1319 1650 1369 mundi
1680 1328 2020 1369 erueturne
2052 1315 2407 1385 descriptio·

127 1403 199 1435 ne
228 1390 388 1465 quasi
419 1388 485 1439 in
514 1388 716 1440 tabula
746 1387 917 1439 nobis
948 1387 1251 1455 depingit,
1303 1387 1457 1456 quod
1489 1386 1666 1438 etiam
1697 1404 1769 1439 ex
1798 1387 2009 1438 ordine
2045 1380 2288 1438 coelesti
2315 1384 2407 1436 in-

125 1453 515 1523 teuxgendum
552 1467 658 1511 est.
732 1457 929 1525 Quare
961 1466 1376 1523 argumentum
1413 1473 1447 1506 a
1486 1454 1671 1521 simili
1718 1473 1847 1509 esse
1888 1462 2062 1524 puto,
2112 1470 2293 1524 quum
2332 1454 2413 1505 ad·

126 1523 376 1591 Angelos
403 1525 702 1578 transfert
731 1524 1074 1591 Apostolus,
1103 1525 1276 1593 quod
1303 1524 1550 1593 proprie
1589 1525 1660 1576 de
1688 1524 1874 1577 ventis
1907 1524 2138 1574 dictum
2167 1532 2276 1575 est.

228 1608 303 1660 ’8.
377 1611 467 1659 Ad
492 1609 706 1661 Filium
743 1626 893 1660 vero.
965 1608 1290 1665 Fatendum
1333 1618 1425 1659 est
1462 1594 1740 1677 quidem,
1787 1607 1859 1661 de
1888 1607 2197 1661 Salomone
2235 1605 2398 1659 hunc

125 1676 414 1730 Psalmum
449 1679 630 1731 fuisse
660 1676 1055 1745 compositum
1093 1680 1278 1745 instar
1316 1674 1732 1746 epithalamii,
1785 1675 1923 1747 quia
1964 1674 2096 1729 illic
2142 1675 2402 1728 celebra·

122 1753 215 1796 tur
238 1747 361 1800 eius
395 1747 749 1812 coniugium
779 1763 912 1799 cum
943 1745 1064 1797 filia
1092 1747 1272 1814 Regis
1308 1747 1605 1816 Aegypti-²
1649 1746 1761 1798 Sed
1803 1744 2014 1813 negari
2051 1761 2254 1797 rursus
2284 1759 2404 1795 non

128 1822 351 1881 potest,
403 1816 565 1886 quod
594 1815 696 1868 hic
723 1812 1023 1878 refertur,
1059 1815 1246 1867 multo
1291 1833 1418 1866 esse
1457 1813 1780 1881 excelsius,
1817 1830 1990 1883 quam
2036 1826 2101 1866 ut
2132 1814 2201 1863 iu
2243 1811 2406 1865 Salo—

123 1898 353 1936 monem
407 1894 752 1951 competat,
816 1884 1019 1934 Iudaei
1072 1901 1146 1935 ne
1201 1893 1496 1951 cogantur
1551 1900 1873 1952 agnoscere
1915 1883 2223 1935 Christum
2279 1898 2405 1932 esse
2452 1936 2459 1941 ,

122 1951 344 2020 Deum,
394 1955 760 2007 cavillantur
801 1952 922 2004 dici
967 1952 1253 2005 thronum
1276 1952 1424 2017 Dei,
1467 1951 1561 2003 vel
1601 1951 2068 2008 subaudiendum
2111 1968 2235 2004 esse
2275 1967 2405 2000 ver·
2474 2006 2481 2011 ,

123 2018 257 2072 hum
285 2022 613 2078 stabilivit.
685 2024 776 2074 Ita
812 2021 1142 2077 secundum
1184 2021 1450 2091 priorem
1495 2020 1926 2088 expositionem
1967 2037 2185 2085 nomen
2221 2014 2405 2085 malm

129 2109 474 2168 vertendum
519 2108 679 2158 foret
713 2106 955 2156 thronus
998 2118 1166 2171 tuus,
1205 2105 1266 2156 in
1308 2103 1582 2172 genitivo
1625 2120 1771 2157 casu
1812 2103 2058 2162 thronus
2083 2100 2217 2156 Dei.
2310 2104 2403 2173 Al-

122 2181 243 2224 tera
282 2177 582 2247 expositio
622 2172 1175 2242 fingitorationem
1220 2173 1596 2229 defectivam.
1702 2175 1918 2226 Verum
1970 2180 2250 2240 apparet,
2309 2187 2402 2225 eos
2462 2216 2481 2227 ,„

124 2256 396 2309 quaerere
439 2244 600 2298 mera
644 2242 877 2310 effugia.
978 2242 1254 2312 Quisquis
1296 2260 1441 2312 ergo
1488 2242 1815 2309 composito
1856 2237 2085 2306 animo,
2120 2251 2208 2297 ¹et
2250 2238 2402 2298 citra

121 2309 341 2365 rixandi
383 2312 655 2367 studium
695 2313 854 2364 hunc
896 2328 1132 2364 versum
1173 2311 1368 2378 leget,
1421 2328 1544 2365 non
1588 2309 1960 2367 inficiabitur
1986 2309 2264 2365 Messiam
2302 2323 2403 2357 vo·

124 2379 239 2431 cari
267 2382 487 2439 Deum.
561 2384 685 2435 Nec
717 2389 841 2447 est,
884 2381 1039 2449 quod
1076 2379 1334 2449 excipias
1366 2396 1584 2433 nomen
1621 2379 1724 2436 hic
1755 2378 1902 2447 poni
1930 2377 2166 2443 Angelis
2207 2385 2268 2428 et
2311 2376 2400 2453 iu-

122 2447 341 2503 dicibus
368 2450 812 2522 promiscuum;
850 2466 957 2504 nus
1004 2467 1146 2506 uam*
1173 2450 1334 2507 enim
1361 2450 1593 2517 legitur
1621 2447 1733 2501 uni·
1765 2457 1827 2500 et
1850 2445 2199 2514 simpliciter
2229 2443 2405 2499 attri-

121 2514 357 2587 lmtum,
411 2520 536 2572 misi
577 2520 690 2572 soli
725 2520 885 2572 Deo.
1014 2529 1275 2572 raeterea
1318 2529 1385 2574 ut
1413 2519 1494 2580 'de
1537 2534 1676 2570 voce
1717 2533 1843 2571 non.
1882 2532 2177 2587 pugnem,
2233 2513 2399 2578 cuius

120 2585 360 2641 thronus
401 2592 476 2641 in
512 2597 872 2656 perpetuum
899 2587 1129 2644 stabilis
1160 2586 1632 2656 praedicabitur,
1674 2585 1797 2638 nisi
1834 2586 2015 2638 solius
2041 2584 2201 2637 Dei?
2253 2598 2395 2651 crgo

119 2657 277 2722 regni
332 2656 708 2726 perpetuitas
763 2658 1186 2709 testimonium
1223 2665 1314 2708 est
1361 2655 1730 2711 Divinitatis.
1833 2654 2041 2708 Postea
2095 2661 2401 2721 sceptrum

119 2727 281 2792 tegni
311 2726 551 2780 Christi
579 2731 829 2778 vocatur
856 2736 1155 2796 sceptrum
1184 2724 1587 2779 rectitudinis<
1651 2721 1837 2782 Cuius
1866 2722 1954 2775 rei
1985 2721 2051 2772 in
2081 2721 2413 2784 Safl'omone

121 2796 395 2859 quaedam
434 2797 675 2849 fuerunt
699 2794 1057 2847 lineamenta
1078 2832 1093 2860 ,
1128 2794 1229 2846 sed
1256 2794 1541 2856 obscura,
1582 2803 1872 2862 quatenus
1909 2790 2141 2844 scilicet
2176 2789 2395 2841 iustum

78 2865 86 2880 ‘'
128 2870 183 2911 et
204 2865 523 2936 aequitatis
553 2863 875 2918 studiosum
904 2863 1130 2932 Regem
1157 2880 1218 2924 se
1248 2863 1572 2930 praestitit.
1645 2860 1755 2913 Sed
1782 2860 2074 2912 rectitudo
2115 2860 2173 2910 in
2208 2872 2396 2925 regno

80 2933 96 2964 5'
131 2928 342 2984 Christi
371 2935 560 2988 latius
592 2942 755 3001 patet
775 2970 791 2996 ,
832 2932 968 3000 quia
997 2930 1234 2983 scilicet
1260 2929 1590 3001 Evangelio
1622 2946 1729 2982 suo
1750 2966 1766 2995 ,
1806 2928 1959 3000 quod
1988 2937 2297 2995 sceptrum³
2314 2936 2400 2977 est

79 3051 87 3060 ,
133 2999 468 3072 spirituale,
521 3018 626 3054 nos
667 3000 723 3053 iu
764 3000 878 3052 Dei
916 3000 1212 3055 iustitiam
1251 3001 1563 3052 reformat.
1647 2999 1809 3050 Idem
1856 3007 1918 3048 et
1960 2995 2031 3047 de
2062 2995 2398 3052 directione

128 3070 376 3130 iustitiae
414 3070 832 3134 sentiendum3
900 3069 1036 3121 ideo
1085 3061 1273 3134 enim‘,
1340 3068 1483 3137 quia
1519 3063 1754 3136 diligit,
1814 3066 1994 3131 facit,
2069 3074 2136 3117 ut
2175 3063 2235 3115 in
2277 3062 2399 3116 suis

123 3149 182 3186 re
229 3151 347 3194 net.
716 3192 721 3197 ,
1025 3186 1044 3198 Ι
2080 3187 2083 3190 ,

184 3154 221 3205 g
246 3206 298 3257 9·
375 3213 688 3277 Propterea
719 3208 907 3266 unxit.
979 3207 1116 3262 Hoc
1137 3205 1369 3276 quidem
1403 3222 1543 3257 vere
1569 3205 1641 3268 de
1665 3204 1978 3257 Salomone
2011 3200 2235 3256 dictum
2261 3199 2396 3264 fuit,

123 3273 220 3339 qui
249 3276 383 3328 ideo
412 3280 801 3332 Rexcreatus
840 3286 957 3342 est,
1006 3276 1156 3346 quod
1184 3276 1345 3330 Deus
1386 3274 1579 3342 ipsum
1617 3272 1867 3343 reliquis
1907 3271 2192 3325 fratribus
2228 3285 2394 3339 prae·

121 3342 287 3410 tulit,
328 3347 425 3415 qui
456 3345 680 3415 alioqui
711 3346 986 3415 aequales
1017 3356 1220 3409 erant,
1255 3352 1316 3395 et
1344 3343 1594 3411 perinde
1623 3350 1690 3394 ut
1717 3344 1843 3410 ipse
1873 3344 1959 3395 Re
2006 3343 2052 3392 is
2083 3339 2213 3396 filii.
2284 3336 2396 3390 Sed

121 3406 232 3460 hoc
258 3413 320 3465 in
354 3413 660 3469 Christum
687 3415 873 3483 magis
902 3413 1145 3482 proprie
1175 3411 1479 3479 competit,
1520 3411 1618 3481 qui
1645 3428 1750 3463 nos
1779 3412 1897 3463 sibi
1924 3359 2227 3490 agoptavit
2252 3422 2393 3459 eon-

121 3489 335 3549 sortes,
375 3483 609 3548 tametsi
637 3483 763 3535 iure
794 3480 1036 3550 proprio
1072 3498 1189 3534 non
1230 3479 1484 3532 eramus.
1560 3477 1780 3531 Unctus
1821 3488 2022 3531 autem
2058 3477 2179 3529 fuit
2219 3490 2397 3541 supra

121 3561 228 3624 lios
258 3568 498 3616 omnes,
531 3551 669 3620 quia
701 3554 821 3602 sine
853 3553 1160 3617 mensura,
1195 3566 1301 3601 nos
1341 3559 1543 3601 autem
1584 3547 1652 3598 ad
1696 3556 1925 3610 certam
1964 3545 2210 3618 quisque
2253 3558 2392 3609 por-

118 3620 367 3687 tionem,
406 3631 586 3687 prout
618 3619 866 3687 singulis
901 3620 1027 3687 ipse
1065 3617 1396 3678 distribuit,
1460 3615 1706 3676 Deinde.
1723 3627 1927 3670 nostra
1964 3632 2141 3674 causa
2181 3620 2393 3664 unctus

118 3678 264 3754 fuit,
302 3700 367 3748 ut
394 3686 733 3741 hauriamus
764 3705 965 3740 omnes
998 3706 1067 3744 ex
1099 3688 1223 3739 eius
1254 3685 1647 3753 plenitudine.
1723 3687 1915 3754 Quare
1947 3684 2074 3750 ipse
2104 3681 2390 3744 Christus,

120 3766 225 3801 nos
260 3756 331 3808 ab
365 3776 434 3809 eo
468 3756 827 3821 Christiani,
881 3757 1047 3826 quasi
1091 3755 1270 3808 rivuli
1308 3772 1346 3814 a⁴
1384 3756 1572 3805 fonte.
1667 3756 1814 3825 Quia
1861 3769 2000 3803 vero
2045 3751 2391 3803 unctionem

117 3816 266 3874 hanc
304 3825 365 3876 in
402 3843 577 3877 carne
622 3842 723 3876 sua
763 3824 995 3892 recepit
1018 3824 1326 3890 Christus,
1370 3823 1506 3873 ideo
1549 3821 1768 3879 dicitur
1802 3821 1904 3878 hic
1948 3828 2161 3872 unctus
2198 3837 2231 3870 a
2259 3819 2388 3869 Deo

118 3902 241 3943 suo.
314 3894 649 3952 Absurdum
676 3893 831 3946 enim
867 3904 1019 3946 esset
1043 3895 1172 3951 Deo
1216 3890 1467 3959 subiici,
1514 3889 1628 3950 nisi
1669 3891 1962 3948 humanae
2003 3897 2256 3941 naturae
2297 3902 2391 3937 re·
2428 3955 2433 3958 ¹

116 3968 338 4025 spectu.
1298 3975 1302 3978 ’

286 4128 517 4194 10.‘Et
544 4146 617 4195 tu
648 4136 729 4196 ab
769 4135 995 4207 initio,
1037 4131 1371 4206 Domine,
1405 4142 1658 4192 terram
1698 4128 2034 4206 fundasti,
2077 4139 2143 4190 et
2184 4143 2391 4211 oper-a

118 4229 740 4293 manuum-tuarum
783 4227 940 4282 sunt
1001 4213 1192 4281 coeli.
1297 4220 1393 4277 11.
1426 4214 1591 4298 ipsi
1634 4214 1985 4298 peribunt,
2052 4225 2127 4275 tu
2163 4222 2388 4272 autem

116 4299 491 4376 Permanes,
535 4314 603 4366 et
634 4322 866 4367 omnes
904 4304 1093 4384 quasi
1124 4293 2101 4371 vestimentum›veterascents
2169 4298 2261 4357 12.
2303 4291 2390 4356 Et

115 4387 427 4464 tanquam
474 4389 794 4452 amictum
839 4385 1150 4454 involues
1194 4402 1353 4463 eos„
1400 4394 1469 4451 et
1511 4383 1981 4461 mutabuntur3
2042 4393 2116 4445 tu
2166 4389 2388 4447 autem

1852 4525 1881 4586 ἰ.
