2820 4895
2024 88 2057 114 f
2372 86 2387 119 f

318 114 456 239 *sse
842 173 980 239 ,m
1047 169 1670 261 emsfronsss
1738 170 2089 251 psum,
2178 160 2185 168 ·

329 339 547 393 fierent
565 339 909 409 participes,
949 341 1040 394 vel
1068 349 1133 394 ut
1154 343 1284 395 Deo
1309 339 1835 407 reconciliarentur
1860 357 1964 411 per
1991 338 2203 405 fidentz
2238 338 2345 397 sed
2378 337 2501 394 hoc
2519 339 2627 393 ho-

334 426 480 462 num
505 413 737 479 adeptos
764 410 943 463 fuisse
985 411 1128 464 dicit
1158 410 1279 463 sola
1305 412 1413 464 Dei
1440 409 1862 464 misericordia.
1929 410 2179 463 Proinde
2217 428 2290 464 ex
2323 412 2450 464 eius
2492 426 2630 462 ver-

335 480 428 532 bis
455 480 811 550 colligimus,
847 479 998 533 nihil
1032 496 1138 533 nos
1165 481 1378 537 afferre
1404 481 1480 533 ad
1504 481 1692 533 Deum
1709 516 1728 547 ,
1767 479 1868 534 sed
1894 482 2056 533 mera
2085 482 2208 538 eius
2226 482 2423 552 gretia
2450 497 2628 550 prae-

341 550 559 616 veniri,
598 551 756 602 nullo
784 566 1024 620 operum
1060 559 1346 618 respectu.
1414 551 1567 603 Nem
1605 566 1785 619 quum
1826 549 1996 604 dicit:
2045 552 2177 604 Non
2217 568 2293 604 ex
2329 551 2629 621 operibus,

327 638 493 688 quae
509 622 892 688 fecissemus,
928 621 1249 690 significat,
1285 618 1435 672 nihil
1504 636 1628 671 osse
1656 636 1763 674 nos
1794 637 1969 690 quam
1998 636 2278 691 peccare,
2316 620 2512 685 donec
2538 637 2632 672 re-

331 689 527 757 ‚geniti
555 690 731 742 simus
759 690 965 745 aDeo.
1036 691 1258 747 Pendet
1290 690 1448 742 enim
1517 706 1621 743 aec
1652 691 1887 763 negatio
1929 707 1999 742 ex
2037 692 2327 761 superiori
2367 691 2636 747 affirma-

341 758 542 827 tione,
583 760 686 812 ubi
713 760 968 828 dixerat,
1001 762 1208 814 stultos
1233 768 1293 811 et
1320 762 1724 830 immorigeros
1757 777 1916 825 esse,
1950 762 2245 832 §variisque
2283 761 2632 831 cupiditati-

339 827 451 881 bus
477 829 767 897 addictos,
807 832 906 901 qui
932 832 1193 886 nondum
1220 831 1523 883 reformati
1553 840 1689 882 sunt
1718 831 1781 882 in
1809 829 2076 895 Christo;
2125 848 2195 884 ac
2222 848 2364 885 sane
2387 849 2468 895 ,ex
2510 841 2635 884 tant

345 909 618 968 corrupta
647 916 837 953 massa
862 902 1156 973 quodnam
1185 901 1449 971 prodiret
1474 901 1717 980 Ιαοιιιιιι)χ
1735 899 1916 970 opus?
1976 902 2283 955 Insaniunt
2313 912 2383 955 er
2421 919 2494 968 o,
2534 902 2636 973 qui

342 969 641 1022 hominem
673 970 789 1022 suis
815 977 901 1038 (ut
925 978 1159 1040 vocant)
1192 970 1735 1040 praeparationibus
1765 969 2045 1023 accedere
2074 974 2147 1025 ad
2165 974 2361 1053 Deum
2432 980 2635 1041 ngunt.

346 1040 497 1092 Tota
528 1043 686 1093 enim
717 1042 868 1094 vitae
892 1042 1132 1110 periodo
1159 1041 1386 1110 longius
1414 1042 1488 1093 ab
1519 1058 1589 1093 eo
1615 1040 1951 1107 discedunt,
1990 1041 2175 1109 dooec
2202 1059 2309 1105 sua
2331 1060 2522 1104 manu
2563 1042 2636 1094 ab

335 1125 543 1163 errore
584 1128 682 1171 eos
721 1113 782 1163 in
821 1112 978 1179 *viam
1016 1111 1316 1168 retrahit...
1371 1111 1642 1181 Denique
1693 1112 1848 1182 quod
1898 1126 2005 1163 nos
2057 1112 2252 1182 potius
2302 1130 2487 1182 quam
2536 1108 2639 1165 alii

337 1182 841 1250 ‚cooptati'sumus
880 1183 943 1233 in
974 1182 1194 1234 Christi
1224 1181 1772 1251 perticipationem,
1816 1180 1879 1234 id
1903 1189 2093 1235 totum
2123 1183 2334 1237 Paulus
2375 1183 2641 1251 assignat

335 1250 458 1305 Dei
486 1251 958 1320 misericordiae,
996 1255 1134 1322 quia
1176 1251 1334 1304 nulla
1372 1253 1435 1304 in
1478 1253 1646 1305 nobis
1670 1251 1893 1306 fuerint
1916 1252 2180 1306 iustitiae
2204 1270 2403 1321 opera.
2534 1268 2642 1305 uae

345 1321 929 1391 rationon·valeret,
980 1323 1097 1376 nisi
1131 1330 1387 1378 sumeret
1425 1321 1569 1375 illud
1607 1338 1712 1390 pro
1754 1321 2057 1388 confesso,
2087 1322 2384 1385 ,iniustum
2428 1333 2493 1376 et
2574 1338 2644 1375 eo

345 1392 583 1445 exosum
613 1388 778 1459 esse,
802 1393 1080 1461 quicquid
1110 1402 1244 1445 ante
1270 1386 1453 1449 fidem
1484 1382 1779 1449 molimur.
1846 1393 2036 1461 Inepti
2061 1408 2195 1446 vero
2219 1403 2389 1458 sunt,
2429 1395 2536 1463 qui
2577 1408 2645 1445 ex

340 1460 663 1529 praeterito
715 1462 878 1515 verbi
922 1470 1187 1532 tempore
1213 1461 1584 1515 'cavillantur
1621 1461 1820 1514 future
1845 1460 2159 1521 ,hominum
2196 1465 2410 1537 merita
2438 1465 2647 1517 a.Deo

342 1531 593 1598 respici,
637 1548 812 1601 quum
851 1534 1007 1600 ipsos
1046 1542 1233 1586 vocat.
1302 1532 1544 1600 Paulus,
1581 1532 1890 1601 inquiunt,
1930 1532 2065 1586 dum
2100 1535 2416 1602 provocari
2449 1536 2648 1586 Deum

335 1612 525 1668 negat
550 1602 758 1654 nostris
787 1602 1005 1654 meritis
1024 1640 1040 1668 ,
1080 1620 1194 1674 quo
1223 1618 1327 1654 sua
1356 1603 1544 1671 gratia
1584 1619 1689 1654 nos
1718 1602 2019 1670 dignetur,
2068 1606 2379 1675 restringit
2412 1603 2535 1655 hoc
2571 1602 2648 1654 ad

331 1680 574 1739 tempus
600 1672 999 1737 praeteritum.
1069 1674 1226 1742 Ergo
1254 1673 1304 1725 si
1340 1673 1712 1741 praecedenti
1739 1681 1969 1724 tantum
1995 1672 2251 1727 iustitiae
2279 1691 2406 1727 non
2437 1682 2531 1726 est
2554 1672 2646 1723 lo·

337 1756 479 1808 cus,
530 1742 729 1797 futura
764 1742 985 1797 iustitia
1020 1742 1091 1795 in*
1128 1744 1422 1797 rationem
1466 1745 1636 1801 venit.
1727 1743 1898 1812 Atqui
1936 1743 2294 1813 principium
2337 1751 2649 1812 usurpant,

346 1811 503 1879 quod
526 1813 738 1869 Paulus
768 1812 984 1881 ubique
1013 1814 1237 1881 reiicit,
1277 1830 1457 1884 quum
1486 1812 1806 1884 gratuitam
1837 1813 2182 1871 electionem
2214 1817 2429 1869 statuit
2463 1814 2651 1877 bono'-

338 1897 482 1941 ⁸rum
513 1898 755 1949 operum
794 1882 1261 1938 fundamentum.
1331 1884 1390 1935 Si
1433 1900 1502 1936 ex
1543 1884 1665 1936 sola
1697 1884 1806 1935 Dei
1847 1883 2036 1951 gratia
2071 1883 2186 1936 hoc
2225 1884 2552 1950 habemus,
2587 1890 2651 1935 ut

347 1951 424 2003 ad
460 1952 609 2003 bene
649 1952 957 2007 vivendum
999 1954 1181 2007 simus
1219 1953 1452 2008 idonei:
1503 1970 1650 2023 quae
1691 1953 1893 2006 futura
1934 1962 2138 2006 nostra
2170 1957 2391 2008 merita
2433 1953 2650 2007 intueri

339 2023 560 2090 poterit
582 2020 782 2087 Deus?
854 2025 917 2076 Si
944 2035 1081 2078 ante
1106 2025 1217 2078 Dei
1248 2024 1613 2081 vocationem
1645 2024 1762 2074 tale
1796 2024 1854 2075 in
1895 2024 2061 2077 nobis
2101 2042 2355 2094 regnum
2398 2031 2651 2093 occupat

350 2093 658 2160 iniquitas,
712 2101 780 2145 ut
816 2094 1040 2147 nullum
1085 2094 1497 2164 progrediendi
1536 2095 1718 2148 finem
1754 2093 1980 2145 factura
2016 2097 2124 2162 sit,
2180 2096 2370 2155 donec
2420 2095 2653 2147 culmen

337 2178 517 2214 ,suum
543 2162 826 2232 impleat:
870 2182 986 2234 quo
1016 2166 1246 2220 suturae
1286 2165 1549 2217 iustitiae
1590 2171 1824 2218 nostrae
1860 2174 2130 2231 respectu
2166 2165 2330 2219 allici
2353 2167 2522 2226 Deus
2554 2179 2655 2231 po-

328 2233 492 2296 ,terit
515 2235 589 2285 ad
617 2248 722 2285 nos
758 2234 1087 2288 vocandos?
1134 2235 1646 2303 facessantigitur
1667 2232 1811 2287 tales
1847 2250 2050 2302 nugae.
2120 2236 2331 2290 Paulus
2367 2253 2496 2296 non
2540 2235 2655 2287 alia

342 2304 583 2356 ratione
610 2306 931 2373 praeterita
963 2322 1140 2374 opera
1178 2305 1540 2375 nominavit,
1579 2298 1703 2357 nisi.
1735 2313 1800 2356 ut
1843 2320 2014 2355 omne
2055 2307 2336 2361 meritum
2379 2304 2651 2359 exclude·

333 2382 457 2431 ret.
529 2374 779 2427 Perinde
810 2377 971 2427 enim
1003 2376 1196 2431 valent
1220 2379 1339 2429 eius
1371 2375 1578 2441 verba,
1618 2391 1686 2425 ac
1723 2374 1772 2425 si
1815 2374 2082 2428 dixissen
2125 2377 2198 2429 Si
2239 2377 2429 2429 ullum
2464 2373 2652 2428 meri-

348 2453 478 2495 tum
507 2443 823 2512 iactemua,
866 2446 1065 2516 qualia
1089 2447 1330 2500 fuerunt
1357 2455 1557 2516 nostra
1588 2443 1803 2514 opera?
1874 2445 2004 2498 Stat
2031 2447 2185 2500 enim
2216 2449 2457 2500 axioma
2488 2442 2658 2510 illud,

336 2530 471 2578 :non
506 2516 780 2569 meliores
812 2516 943 2581 fore
969 2516 1272 2581 homines,
1315 2517 1494 2585 quam
1523 2515 1776 2581 fuerint,
1817 2516 1932 2567 nisi
1962 2531 2060 2566 eos
2094 2520 2386 2580 Dominus
2412 2534 2522 2570 sua
2561 2531 2660 2569 vo.-

335 2586 587 2648 [catione
623 2585 972 2655 corrigeret.
1116 2589 1324 2646 Salvos
1358 2583 1464 2636 nos
1480 2584 1658 2654 fecit.
1726 2585 1816 2636 De
1843 2586 1958 2636 fide
1981 2585 2278 2655 loquitur,
2322 2591 2380 2648 e‘t
2406 2604 2520 2639 nos
2543 2585 2664 2638 iam

337 2653 601 2717 ‚salutem
631 2657 872 2724 adeptos
909 2673 1033 2709 esse
1066 2656 1254 2708 docet.
1325 2654 1482 2723 Ergo
1523 2662 1815 2723 utcunque
1853 2665 2096 2732 peccato
2134 2658 2419 2729 impliciti
2452 2670 2666 2724 corpus

338 2726 559 2782 anortis
590 2725 1104 2792 circumferamus,
1152 2724 1293 2777 certi
1320 2733 1518 2798 temen
1549 2724 1619 2775 de
1662 2724 1850 2777 salute
1889 2737 2090 2779 nostra
2128 2743 2366 2794 isumus,
2404 2727 2457 2781 si
2487 2724 2665 2780 modo

350 2794 469 2847 fide
514 2798 679 2856 insiti
720 2798 900 2850 simus
938 2798 1001 2848 in
1054 2796 1381 2862 Christum,
1436 2794 1752 2847 secundum
1794 2793 1939 2846 illud
1982 2795 2209 2862 (Iohan.
2243 2800 2296 2864 5,
2322 2798 2475 2864 144:
2549 2794 2666 2867 Qui

351 2866 541 2924 credit
574 2867 637 2936 in
672 2868 883 2919 Filium
908 2867 1056 2932 Dei,
1081 2867 1361 2930 ⁴transivit
1388 2864 1460 2915 de
1488 2874 1675 2917 morte
1700 2864 1763 2915 in
1793 2865 1988 2920 vitam.
2057 2867 2238 2920 Paulo
2267 2875 2402 2933 post
2436 2876 2669 2932 tamen,

333 2935 513 3002 ‚Fidei
543 2938 784 2992 nomine
812 2938 1160 3005 interposito
1179 2974 1196 3003 ,
1236 2951 1342 2987 nos
1366 2950 1432 2985 re
1461 2934 1588 3001 ipsa
1624 2934 1884 2990 nondum
1925 2935 2181 3006 adeptus>
2202 2954 2329 2998 esse
2368 2935 2671 3002 ostendet,

342 3006 801 3074 ‚quod.Christus
846 3015 1041 3072 morte
1080 3021 1187 3059 sua
1210 3004 1522 3075 praestitit.
1595 3005 1763 3064 Unde
1787 3007 2090 3074 sequitur,
2130 3025 2201 3060 ex
2228 3015 2400 3077 parte
2426 3008 2549 3061 Dei
2565 3011 2672 3058 'sa-

340 3075 824 3155 lutemmqstram
854 3078 1161 3145 impletam
1206 3092 1367 3141 esse,
1417 3074 1582 3127 cuius
1625 3074 1828 3128 fruitio
1869 3077 1935 3136 in
1973 3074 2155 3131 finem
2197 3093 2380 3147 usque
2419 3076 2675 3130 militiae

339 3146 621 3201 ‚differtur
714 3148 904 3218 Atque
936 3147 995 3199 id
1034 3156 1153 3211 est,
1209 3146 1365 3214 quod
1399 3144 1542 3196 alibi
1584 3162 1831 3215 quoque
1863 3147 2060 3212 (Rom.
2087 3148 2142 3214 8,
2170 3148 2288 3215 ⁴14.)
2328 3145 2497 3203 idem
2522 3148 2675 3200 Pau·

338 3215 436 3275 ‚lus
462 3218 637 3268 docet
655 3254 673 3282 ,
697 3233 817 3280 ‘nos
850 3235 949 3285 spe
978 3216 1162 3269 salvos
1185 3234 1309 3268 esse
1345 3216 1552 3268 factos.
1705 3218 1817 3267 Per
1848 3216 2146 3284 lavacrum
2182 3217 2675 3282 regenerationis.

304 3322 310 3328 -
345 3287 478 3337 Non
510 3287 752 3352 dubito,
798 3290 941 3354 quin
971 3287 1178 3339 saltem
1204 3286 1277 3337 ad
1302 3286 1664 3353 Baptismum
1691 3282 1944 3349 alludat,
1985 3284 2106 3339 imo
2135 3286 2313 3339 facile
2354 3288 2560 3353 patiar
2603 3284 2679 3338 de

325 3355 649 3423 ⁸Baptismo
689 3356 886 3411 locum
914 3358 1157 3425 exponi,
1198 3372 1319 3407 non
1344 3355 1498 3425 quod
1533 3356 1595 3405 in
1627 3361 1867 3405 externo
1910 3369 2096 3421 aquae
2131 3356 2399 3425 symbolo
2440 3356 2679 3409 inclusa

342 3422 428 3479 :sit
469 3428 662 3492 salus,
729 3427 830 3477 sed
887 3429 1027 3497 quia
1067 3434 1297 3495 partam
1332 3442 1370 3484 ¹u
1416 3425 1643 3476 Christo
1684 3423 1930 3484 salutem
1969 3424 2301 3494 Baptismus
2345 3426 2527 3479 nobis
2574 3426 2677 3476 ob·

352 3495 564 3562 signat„
617 3553 625 3561 ,
657 3496 908 3550 Tractat
945 3499 1152 3566 Paulus
1196 3498 1266 3548 de
1306 3494 1661 3547 exhibitione
1697 3496 1920 3561 gratiae
1949 3495 2090 3560 Dei,
2143 3512 2326 3566 quam
2366 3494 2491 3548 fide
2532 3512 2678 3550 con·

350 3573 509 3616 stare
543 3564 822 3618 diximus.
898 3570 1093 3638 Quum
1137 3574 1272 3634 ergo
1300 3572 1450 3632 tpars
1489 3564 1854 3616 revelationis
1883 3565 2179 3633 Baptismo
2227 3575 2496 3631 constet,
2541 3582 2683 3634 qua·

350 3645 519 3687 tenus
551 3635 782 3686 scilicet
813 3633 1438 3691 fideiconfirmandae
1482 3633 1802 3693 destinatus
1842 3642 1926 3685 est
1941 3671 1963 3698 ,
2002 3637 2216 3688 merito
2260 3638 2381 3688 eius
2425 3637 2686 3688 mentio·

355 3719 496 3755 nem
521 3705 697 3768 iacit.
777 3706 1007 3758 Deinde
1036 3723 1213 3775 quum
1244 3707 1590 3771 Baptismus.
1607 3704 1783 3754 veluti
1810 3702 2099 3772 ingressus
2124 3707 2203 3759 sit
2230 3707 2295 3760 in
2316 3705 2682 3773 Ecclesiam,

349 3788 431 3824 ao
468 3769 806 3840 symbolum
851 3786 1085 3829 nostrae
1126 3777 1189 3832 in
1221 3774 1520 3828 Christum
1555 3774 1883 3839 insitionis,
1923 3778 2264 3842 tempestive
2299 3774 2396 3827 hic
2439 3776 2687 3827 adduci·

315 3850 454 3893 rtur
487 3858 524 3893 a
559 3842 742 3893 Paulo
763 3880 781 3907 ,
822 3844 960 3898 dum
996 3846 1302 3900 ostendere
1328 3844 1485 3910 vult,
1526 3843 1816 3913 quomodo
1846 3846 2184 3911 apparuerit
2219 3845 2386 3898 nobis
2405 3846 2525 3898 Dei
2555 3848 2688 3915 gra·

333 3910 444 3968 ,tia
468 3946 487 3974 ,
528 3911 652 3961 vult
691 3912 821 3963 talis
862 3918 938 3968 sit
965 3912 1253 3967 orationis
1286 3922 1617 3966 contextus:
1655 3916 1813 3970 Deus
1841 3929 1947 3964 nos
1980 3915 2166 3968 salvos
2194 3916 2346 3979 fecit
2371 3932 2483 3968 sua
2510 3918 2687 3968 mise-

355 3979 623 4048 ricordia
643 4015 659 4043 ,
702 3980 864 4034 cuius
895 3985 1095 4052 salutis
1121 3984 1453 4052 symbolum
1487 3999 1556 4033 ac
1583 3984 1792 4052 pignus
1833 3983 1990 4035 dedit
2027 3985 2086 4036 in
2113 3985 2451 4053 Baptismo,
2486 4001 2604 4038 nos
2628 3985 2688 4037 in

355 4064 535 4104 suam
564 4048 895 4110 Ecclesiam
931 4061 1213 4123 coeptans
1233 4093 1250 4119 ‚
1294 4064 1352 4106 et
1378 4058 1642 4112 inserens
1668 4054 1729 4104 in
1757 4057 1964 4120 corpus
1990 4055 2129 4115 Filii
2160 4055 2267 4107 sui.
2340 4054 2556 4109 Solent
2585 4072 2689 4107 au-

363 4128 488 4169 tem
522 4118 789 4186 Apostoli
823 4139 857 4173 a
883 4123 1277 4175 sacramentis
1311 4124 1526 4177 ducere
1562 4131 2009 4192 argumentum,
2044 4133 2112 4178 ut
2152 4141 2283 4177 rem
2316 4123 2444 4175 illic
2488 4124 2692 4193 signa·

371 4196 498 4240 tam
537 4187 829 4256 probent,
883 4193 1023 4262 quia
1060 4194 1431 4261 principium
1456 4192 1604 4250 illud
1641 4194 1834 4244 valere
1869 4192 2042 4250 ,debet
2073 4194 2238 4247 ⁴inter
2281 4194 2455 4262 pios,
2497 4197 2693 4248 Deum

373 4273 500 4309 non
522 4256 800 4309 inanibus
833 4262 1139 4314 nobiscum
1183 4262 1368 4331 figure
1398 4263 1631 4328 ludere,
1671 4261 1773 4313 sed
1796 4261 2009 4320 virtute
2040 4280 2143 4317 sua
2168 4265 2329 4316 intu‘s
2357 4273 2691 4333 praestare,

388 4328 552 4396 quod
582 4335 826 4382 externo
852 4334 1013 4402 signo
1030 4331 1416 4392 demonstrat.
1482 4334 1678 4410 Quare
1693 4332 2021 4408 Baptismus
2049 4343 2448 4406 congruenter
2473 4343 2539 4388 et
2566 4348 2696 4388 vere
