2820 4895
373 243 502 306 890
1075 288 1083 293 .
1133 234 1241 301 m
1285 188 1953 336 ammonae:-

381 407 562 472 idem
585 382 686 483 ee,
732 417 800 470 et
825 408 986 469 anni
1013 407 1116 470 tui
1139 425 1275 470 non
1305 399 1627 470 deficient
1651 404 1849 491 (Psaz.
1888 413 2030 481 tot.
2047 402 2349 485 26—28.)
2443 404 2545 467 13.
2571 401 2678 467 Ad

390 512 590 577 quern
627 509 790 557 vero
832 489 1243 576 Angelorum
1286 488 1465 552 dixit
1507 510 1596 553 un
1647 506 1828 550 uam:
1876 484 2065 550 Sede
2105 504 2144 548 a
2181 485 2448 569 dextris
2485 492 2677 567 meis,

390 581 609 647 donec
636 566 881 661 ponam
907 572 1216 662 inimicos
1247 584 1401 641 tuos
1436 577 1629 640 scabe
1659 570 1798 639 lum
1830 571 2080 656 pedum
2108 582 2382 635 tuorum
2403 570 2442 636 ’.Ρ
2480 573 2678 653 (Psal.

373 678 542 735 ilo,
575 664 654 741 1.)
747 661 843 723 14.
886 661 1133 727 Annon
1169 678 1404 723 omnes
1436 670 1593 721 sunt
1618 658 2175 739 administratorii
2201 658 2531 740 spiritus,
2568 661 2685 741 qui

392 750 462 808 in
497 747 944 823 ministerium
976 749 1379 808 emittuntur
1415 753 1698 828 propter
1724 760 1879 817 eoa,
1919 743 2038 826 qui
2065 738 2526 805 hereditatem
2567 762 2685 807 ea-

1187 832 1190 839 A

394 832 591 917 piunt
623 828 856 892 salutis
876 826 911 890 ’ἓ
2768 872 2773 897 1

1277 894 1292 915 Ι
1546 914 1549 917 .

417 998 424 1009 f
533 948 619 997 10.
690 947 764 995 Et
794 957 855 996 tu
884 944 951 993 ab
986 943 1190 999 initio.
1256 943 1390 995 Hoo
1410 940 1819 995 testimonium
1845 940 2037 1010 prima
2063 939 2261 1008 specie
2285 938 2359 993 ad
2374 939 2685 996 Christum

394 1014 600 1077 inepte
640 1012 796 1064 trahi
832 1011 1018 1067 videri
1064 1021 1295 1077 posset,
1359 1011 1711 1078 praesertim
1748 1009 1812 1063 in
1851 1026 2031 1067 causa
2071 1008 2283 1077 dubia,
2338 1009 2543 1077 qualis
2591 1010 2686 1069 hie

393 1092 715 1149 tractatum
754 1096 945 1148 neque
975 1082 1134 1131 enim
1163 1079 1482 1148 disputatio
1510 1089 1601 1135 est
1625 1080 1694 1131 de
1721 1078 1916 1146 gloria
1936 1077 2084 1143 Dei,
2119 1077 2220 1130 'sed
2294 1075 2397 1131 uid
2427 1077 2685 1151 proprie

396 1149 633 1203 Christo
664 1148 997 1203 conveniat.
1073 1149 1252 1217 Atqui
1285 1147 1448 1203 nulla
1483 1146 1614 1201 illic
1641 1146 1869 1202 Christi
1899 1146 2162 1211 mentio,
2194 1163 2256 1199 se
2304 1152 2307 1155 ’
2336 1146 2505 1201 nuda
2549 1164 2686 1213 pro-

394 1217 639 1287 ponitur
679 1214 792 1273 Dei
838 1218 1130 1275 maiestas.
1205 1218 1425 1271 Fateor
1461 1215 1727 1285 quidem,
1773 1224 1898 1269 toto
1938 1214 2171 1267 Psalmo
2214 1232 2336 1267 non
2378 1214 2687 1273 nominari

397 1288 732 1348 Christum3
784 1287 886 1339 sed
919 1286 1115 1354 palam
1146 1295 1265 1351 est,
1315 1286 1405 1338 ita
1436 1283 1769 1351 designari,
1808 1294 1873 1336 ut
1905 1299 2086 1336 nemo
2124 1282 2392 1350 dubitat,
2436 1299 2510 1336 ex
2546 1302 2687 1353 pro-

395 1355 547 1407 fesso
591 1356 761 1417 nobis
804 1354 1205 1407 commendari
1245 1354 1375 1409 eius
1409 1369 1679 1424 regnum.
1756 1355 1977 1422 Itaque
2004 1351 2512 1407 accommodanda
2550 1363 2686 1407 sunt

396 1425 520 1476 eius
560 1440 887 1491 personae,
932 1440 1320 1492 quaecunque
1356 1421 1488 1475 illic
1529 1422 1841 1475 habentur.
1915 1422 2051 1473 Non
2095 1421 2257 1474 enim
2301 1421 2425 1477 hoc
2465 1415 2591 1473 nisi
2628 1422 2686 1473 in

393 1493 632 1545 Christo
657 1492 988 1558 ,impletum
1019 1500 1137 1543 est:
1189 1493 1281 1545 Tu
1311 1507 1647 1558 exsurgens
1686 1488 2061 1543 misereberis
2090 1489 2263 1555 Sion,
2315 1498 2386 1541 ut
2429 1489 2686 1543 timeant

295 1556 324 1589 ·“
395 1562 618 1613 Gentes
645 1578 861 1619 nomen
889 1570 1088 1627 tunm,
1130 1570 1191 1613 et
1232 1578 1435 1635 omnes
1462 1562 1656 1627 Reges
1695 1567 1893 1613 terrae
1933 1557 2190 1630 gloriam
2231 1569 2447 1612 tuam..
2496 1560 2684 1612 Item:

398 1631 592 1699 Quum
624 1629 829 1698 populi
863 1629 1212 1696 congregati
1242 1629 1468 1697 fuerint
1493 1627 1668 1680 simul
1697 1636 1755 1679 et
1774 1644 1976 1697 regna,
2017 1637 2084 1685 ut
2112 1627 2372 1689 serviant
2390 1627 2682 1681 Domino.

394 1701 636 1751 Frustra
679 1708 841 1749 certe
879 1698 1037 1765 hunc
1065 1699 1294 1763 Deum,
1336 1716 1445 1764 per
1481 1714 1656 1766 quem
1695 1705 1855 1747 totus
1896 1697 2148 1754 mundus
2184 1696 2248 1748 in
2285 1713 2473 1749 unam
2506 1696 2686 1749 fidem

399 1785 469 1819 ac
502 1766 617 1819 Dei
661 1766 887 1823 cultum
928 1765 1180 1834 coaluit,
1231 1763 1345 1819 nisi
1382 1768 1450 1818 in
1490 1761 1729 1829 Christo
1772 1781 2142 1837 quaeremus.
2243 1765 2404 1834 Ergo
2451 1764 2685 1835 reliqua

397 1835 607 1901 etiam,
645 1850 793 1905 quae
824 1836 888 1886 in
918 1835 1144 1891 Psalmo
1178 1830 1601 1899 continentur,
1635 1845 1771 1900 apte
1805 1836 2097 1902 quadrant
2117 1832 2338 1887 Christi
2370 1850 2684 1909 personae,

398 1915 574 1973 atque
602 1904 720 1956 hoc
753 1905 915 1957 inter
942 1904 1063 1957 alia
1085 1942 1101 1971 ,
1142 1904 1298 1974 quod
1322 1906 1483 1958 Deus
1518 1912 1615 1954 est.
1638 1915 1914 1961 aeternus
1937 1941 1953 1967 ,
1997 1902 2152 1955 coeli
2184 1913 2252 1958 ,et
2277 1912 2488 1955 terrae
2527 1920 2684 1955 crea-

394 1982 530 2040 tor,
601 1973 757 2043 quod
804 1972 890 2025 illi
934 1973 1303 2042 perpetuitas
1353 1970 1652 2031 tribuitur
1689 1971 1760 2021 ab
1806 1973 1967 2023 omni
2007 1971 2343 2026 mutatione
2384 1968 2682 2041 e'xempta,
2772 2014 2773 2029 ,

440 2058 516 2093 uo
548 2051 607 2092 et
637 2042 762 2093 eius
794 2041 1063 2094 maiestas
1096 2041 1409 2093 extollitur
1444 2041 1506 2093 in
1536 2055 1830 2092 summum
1858 2028 2185 2106 fastigium,
2223 2040 2443 2110 etipse
2483 2040 2559 2092 ab
2599 2058 2682 2093 or·

438 2111 534 2173 ine
561 2099 839 2171 ,omnium
880 2121 1287 2163 creaturarum
1330 2110 1630 2162 eximitur.
1706 2107 1877 2180 Quod
1904 2109 2092 2161 David
2135 2108 2335 2161 coelos
2382 2111 2683 2183 perituros
2772 2170 2773 2175 ¹

331 2190 334 2197 '
398 2179 600 2246 docet,
650 2181 731 2231 ita
775 2181 1005 2249 quidam
1048 2181 1391 2251 resolvunt,
1452 2177 1811 2230 etiamsi'ita
1853 2177 2264 2248 contingeret,
2322 2179 2500 2249 quasi
2536 2177 2681 2247 nihil

400 2247 680 2306 affirmet.
753 2250 966 2301 Verum
997 2248 1139 2318 quid
1167 2266 1312 2317 opus
1350 2258 1438 2300 est
1476 2248 1590 2299 hac
1632 2252 1838 2298 coacta
1878 2263 1949 2298 ex
1994 2247 2281 2312 ositione,
2323 2264 2517 2321 quum
2544 2248 2682 2299 scia-

398 2334 560 2378 mus,
600 2316 903 2371 creaturas
936 2335 1136 2369 omnes
1183 2314 1609 2386 vanitatiesse
1647 2315 1939 2367 subiectas
2058 2318 2357 2388 Quorsum
2394 2317 2560 2369 enim
2600 2333 2680 2368 re-

365 2434 376 2441 ,
398 2386 674 2454 novatio,
699 2412 702 2419 f
731 2403 906 2457 quam
940 2387 1093 2439 coeli
1126 2404 1360 2458 quoque
1397 2385 1601 2460 veluti¹
1622 2383 2094 2466 parturientium
2134 2383 2431 2437 desiderio
2485 2400 2680 2455 exspe-

398 2466 602 2519 ctant,
640 2455 757 2506 nisi
791 2455 948 2526 quod
978 2455 1046 2507 ad
1079 2455 1392 2508 interitum
1422 2452 1952 2508 nunc'tnclinant?
2026 2455 2338 2510 Caeterum
2380 2455 2684 2523 perpetui·
2770 2495 2771 2502 ,

400 2534 489 2578 tas
519 2525 784 2591 Christi,
812 2542 963 2593 quae
1003 2524 1101 2576 hic
1139 2525 1627 2589 commendatur,
1668 2523 1945 2575 eximiam
1976 2522 2151 2577 affert
2182 2522 2292 2589 piis
2319 2523 2681 2577 consolatio·
2762 2545 2771 2558 =

400 2610 573 2654 nem,
621 2607 766 2665 quos
812 2594 935 2647 eius
979 2594 1116 2658 fore·
1152 2594 1474 2664 participes
1508 2593 1773 2644 Psalmus
1814 2592 2052 2644 tandem
2094 2591 2434 2660 concludit,
2487 2608 2685 2663 quem·
2770 2587 2771 2654 ἶ

403 2663 716 2716 admodum
735 2661 1002 2715 Christus
1030 2675 1096 2714 se·
1120 2671 1177 2714 et
1202 2680 1305 2714 sua
1334 2662 1574 2730 corpori
1601 2679 1706 2714 suo
1737 2662 2157 2715 communicat.

539 2732 620 2784 13.
663 2732 775 2782 ,Αά
816 2750 977 2800 quem
1014 2749 1147 2784 vero
1178 2733 1544 2796 Angelorum.
1626 2731 1853 2783 Rursus
1901 2729 2023 2781 aiio
2066 2727 2413 2788 testimonio
2462 2724 2686 2781 Christi
2746 2781 2749 2790 ,

399 2802 833 2869 praestantiam
859 2799 1100 2852 extollit
1187 2808 1254 2852 ut
1280 2800 1418 2851 inde
1449 2809 1684 2866 pateat,
1738 2805 2023 2869 quantum
2052 2797 2321 2862 ‚emineat
2359 2811 2548 2868 supra
2578 2800 2685 2848 An·

402 2870 584 2937 gelos.
661 2870 850 2928 Locus
882 2880 969 2922 est
1013 2886 1082 2920 ex
1113 2840 1343 2921 i³salmo
1374 2870 1495 2935 110,
1524 2871 1604 2933 1.,
1659 2870 1757 2937 qui
1792 2868 2027 2920 nonnisi
2076 2870 2148 2922 de
2187 2866 2425 2921 Christo
2472 2861 2687 2949 exponi
2770 2893 2771 2920 ÷

400 2947 621 3007 potest.
713 2939 864 2991 Nam
907 2951 1089 3007 quum
1134 2938 1394 3005 Regibus
1433 2938 1600 2994 nefas
1640 2936 1859 3003 fuerit,
1888 2939 2218 3007 *attingere
2256 2935 2687 2998 sacerdotium,
2770 2941 2771 2966 ¹

401 3017 551 3059 teste
582 3004 758 3059 Usiae
784 3006 949 3076 lepra
979 3008 1085 3073 (11.
1122 3009 1272 3059 Para
1300 3006 1569 3072 26,718.),
1609 3013 1667 3058 et
1702 3013 1964 3072 constet,
1999 3024 2075 3059 ne
2120 3022 2193 3058 ue
2221 3005 2551 3073 Davidem,
2588 3021 2688 3055 ne·

403 3093 518 3145 que
548 3074 730 3128 alium
763 3076 1094 3145 quempiam
1127 3093 1196 3127 ex
1227 3075 1400 3143 regni
1433 3074 1871 3127 successoribus
1909 3085 2091 3127 sacer
2114 3085 2272 3128 otem
2301 3074 2492 3127 fuisse
2537 3073 2689 3126 ordi·

308 3158 354 3196 s
399 3153 640 3198 natum=
679 3147 977 3214 sequitur,
1008 3155 1132 3197 tam
1166 3161 1386 3200 novum
1412 3160 1668 3212 regnum
1695 3159 1873 3213 quam
1904 3160 2130 3206 novum
2159 3142 2573 3202 sacerdotium
2596 3142 2691 3194 hie
2770 3181 2771 3188 ,

402 3213 644 3277 induci,
682 3229 863 3282 quum
887 3213 1047 3265 idem
1066 3214 1204 3266 'Rex
1244 3224 1301 3265 et
1329 3213 1619 3272 Sacerdos
1663 3213 2064 3266 constituitur.
2140 3213 2463 3265 Praeterea
2498 3222 2693 3265 aeter*
2770 3261 2771 3268 ,

400 3282 556 3335 nitas
584 3281 902 3334 sacerdotii
931 3283 994 3335 in
1025 3283 1215 3335 solum
1243 3282 1552 3333 Christum
1586 3282 1893 3349 competit.
1971 3284 2097 3334 Iam
2125 3280 2303 3334 initio
2320 3280 2546 3333 Psalmi
2573 3278 2692 3332 col·

398 3351 635 3403 locatur
660 3350 732 3402 ad
763 3352 875 3402 Dei
905 3350 1237 3416 dexteram,
1274 3368 1423 3420 quae
1451 3349 1727 3420 loquutio
1765 3351 2002 3416 (utiam
2044 3350 2190 3413 dixi)
2230 3350 2478 3422 perinde
2513 3350 2691 3414 valet,

401 3437 473 3472 ao
502 3418 551 3471 si
583 3421 826 3471 daretur
849 3418 943 3471 illi
972 3420 1266 3472 secundus
1289 3437 1322 3471 a
1355 3421 1527 3470 Patre
1554 3420 1741 3471 locus.
1816 3421 1922 3471 Est
1952 3419 2115 3471 enim
2141 3419 2518 3486 metaphora,
2546 3434 2691 3488 quae

402 3486 734 3558 significat,
767 3488 937 3540 illum
960 3488 1306 3550 Patrisesse
1334 3486 1658 3554 vicarium,
1698 3498 1759 3540 et
1787 3488 2145 3555 primarium
2176 3487 2442 3555 legatum
2483 3488 2551 3539 in
2592 3503 2690 3554 po·

401 3566 615 3609 testate
643 3557 998 3622 exercenda,
1040 3568 1110 3610 ut
1137 3558 1315 3609 Pater
1343 3566 1555 3626 regnet
1596 3574 1701 3625 per
1726 3573 1967 3609 manum
2009 3558 2159 3609 eius.
2234 3557 2423 3609 Nemo
2453 3566 2551 3608 est
2585 3561 2694 3607 An-

401 3626 710 3694 gelorum,
778 3626 880 3694 qui
929 3635 1051 3679 tam
1100 3624 1500 3680 honorificam
1560 3642 1871 3694 personam
1927 3624 2244 3678 sustineat:
2326 3635 2471 3692 ergo
2521 3624 2695 3693 longe

301 3745 304 3754 ,
404 3694 681 3746 omnibus
726 3695 1041 3763 praecellit
1076 3694 1367 3747 Christus.
1446 3729 1458 3740 κ
1524 3696 1718 3746 Donec
1760 3712 1988 3761 ponam.
2061 3691 2349 3765 Quoniam
2388 3703 2697 3763 nunquam

303 3817 308 3818 γ
403 3762 613 3816 desunt
659 3764 853 3815 hostes
899 3765 1133 3816 Christo
1222 3764 1325 3833 qui
1371 3776 1627 3832 regnum
1669 3761 1792 3816 eius
1837 3771 2222 3832 oppugnent,
2267 3759 2457 3814 videri
2500 3769 2699 3830 posset

401 3847 524 3883 non
566 3848 690 3883 esse
741 3842 905 3885 extra
939 3800 1310 3910 periculum,
1374 3829 1724 3898 praesertim
1765 3849 1968 3899 quumss
1985 3831 2251 3900 polleant
2287 3829 2527 3901 magnis
2562 3831 2699 3882 viri·

401 3899 545 3963 bus,
597 3899 694 3968 qui
739 3900 887 3954 illud
936 3912 1206 3954 evertere
1249 3901 1863 3966 moliuntur-,svarias
1909 3901 2176 3953 habeant
2204 3908 2413 3960 ‘ax-tes,
2465 3899 2698 3952 furioso
2768 3933 2769 3972 ᾗ

351 3974 368 3979 '
400 3984 638 4019 rursum
664 3968 892 4037 impetu
924 3971 1121 4023 omnia
1156 3981 1474 4022 conentur.
1547 3970 1725 4032 Certe
1756 3970 1805 4020 si
1837 3980 2213 4039 reputemus,
2252 3984 2401 4035 quae
2425 3979 2569 4020 sunt
2602 3985 2697 4019 an·

402 4045 464 4088 te
499 4037 733 4103 oculos,
771 4039 1004 4091 videtur
1035 4039 1286 4092 ‘subinde
1314 4038 1616 4096 ruiturum
1649 4037 1873 4091 Christi
1905 4055 2180 4107 regnum.
2254 4036 2366 4089 Sed
2391 4036 2551 4089 haec
2578 4053 2699 4103 pro·

402 4102 613 4156 missio
649 4116 867 4157 metum
906 4108 1076 4160 nobis
1108 4111 1345 4166 omnem
1363 4106 1605 4172 adimit,
1646 4101 1803 4175 quod
1832 4123 2138 4177 nunquam
2164 4105 2521 4164 detrahetur
2539 4103 2698 4157 Chri·

406 4181 531 4225 stus
579 4192 648 4225 ex
691 4189 795 4246 sua
820 4175 993 4241 sede,
1053 4178 1193 4245 quin
1235 4176 1432 4245 potius
1471 4176 1675 4230 hostes
1709 4169 1844 4228 suos
1887 4193 2091 4229 omnes
2127 4184 2484 4245 prosternet.
2571 4175 2696 4225 Duo

357 4247 362 4252 '
403 4239 595 4310 igitur
636 4242 785 4308 haec
826 4243 1085 4295 notanda
1124 4255 1295 4311 sunt,
1350 4261 1651 4314 nunquam
1694 4243 1960 4313 quietum
2004 4248 2134 4298 fore
2171 4241 2395 4295 Christi
2432 4258 2681 4324 regnum

404 4308 508 4360 sed
558 4311 779 4363 multos
824 4311 954 4364 fore
994 4313 1091 4365 illi
1134 4313 1418 4380 infestos,
1457 4324 1509 4364 'a
1548 4313 1764 4383 quibus
1802 4315 2109 4377 turbetur3
2163 4309 2373 4365 deinde
2415 4308 2663 4380 quicqui

410 4386 598 4447 agant
641 4379 873 4449 hostes,
909 4389 1226 4452 nunquam
1254 4382 1729 4464 praevalituros,
1769 4379 1912 4453 quia
1935 4381 2162 4438 Christi
2201 4380 2380 4436 sessio
2414 4382 2499 4435 ad
2518 4375 2700 4454 Rani!

1524 4522 1560 4534 ‘f
