2820 4895
2130 273 2140 298 ἱ

580 278 737 366 Δι’)
788 267 1487 370 ΤιΜοΤΗΕυΜ
1531 265 1588 365 ιζ
1648 245 1992 396 cusu„
2285 306 2421 368 ‘243

141 470 428 553 Quotquot
453 467 616 523 enim
647 477 824 523 erant
854 468 965 523 illo
993 476 1268 540 tempore
1291 466 1674 538 magistratus
1694 506 1712 537 ,
1747 467 2005 526 totidem
2042 478 2216 527 erant
2247 467 2413 543 quasi

137 544 312 593 iurati
344 539 563 592 Christi
612 539 832 594 hostes.
921 541 1164 592 Poterat
1202 538 1392 608 igitur
1432 538 1723 608 obrepere
1759 540 1872 592 ista
1911 537 2242 608 cogitatio,
2286 558 2413 595 non

139 626 254 661 esse
294 626 400 677 pro
438 609 577 674 illis,
605 607 933 674 orandum,
956 661 959 666 ,
979 608 1273 679 qui‘totas
1318 605 1478 669 vires
1518 624 1777 679 opesque
1801 613 1933 662 suas
1962 610 2311 680 conferrent
2337 612 2412 665 ad

134 678 574 748 oppugnandum
603 676 828 730 Christi
860 693 1152 750 regnum,
1193 674 1358 746 citius
1403 677 1755 757 propagatio
1800 676 1864 730 in
1903 678 2110 746 primis
2152 682 2412 746 optanda

137 758 261 799 est„
316 746 596 798 Occurrit
628 757 823 799 autem
861 747 1207 814 Apostolus,
1247 762 1316 799 ac
1343 744 1568 799 diserte
1595 746 1764 799 lubet
1790 763 1896 816 pro
1923 746 2040 799 illis
2068 749 2242 800 etiam
2277 749 2408 816 pre·
2485 765 2506 815 ‚³

136 815 264 868 cari.
333 816 410 886 Et
446 828 610 866 certe
647 832 768 868 non
803 814 997 868 efficit
1034 813 1671 883 hominumpravitas,
1712 816 2028 894 quominus
2057 816 2303 869 amanda
2334 819 2412 872 sit

132 883 239 937 Dei
267 883 587 936 institutio.
656 884 907 937 Proinde
935 902 1117 955 quum
1147 884 1527 951 magistratus
1557 901 1626 936 ac
1658 883 1954 954 principes
1970 885 2136 938 Deus
2163 884 2238 937 ad
2267 904 2409 939 con·

133 953 520 1005 servationem
559 952 800 1006 humani
836 952 1075 1021 generis
1117 953 1467 1021 creaverit,
1497 963 1803 1022 utcunque
1836 952 2012 1006 multi
2044 955 2410 1023 degenerent

131 1037 162 1072 a
195 1021 378 1074 divina
414 1021 825 1090 ordinatione,
874 1040 995 1087 non
1038 1033 1237 1078 tamen
1278 1039 1514 1076 cessare
1546 1031 1869 1091 propterea
1905 1022 2217 1087 debemus,
2259 1024 2408 1093 quin

128 1099 186 1143 ct
208 1105 465 1143 amemus
537 1093 654 1143 uod
681 1092 798 1144 Dei
826 1101 946 1158 est,
984 1101 1045 1146 et
1071 1091 1302 1145 salvum
1331 1089 1661 1160 cupiamus.
1742 1091 1906 1144 Haec
1936 1107 2112 1144 causa
2143 1097 2274 1157 est,
2297 1110 2422 1147 cur,

129 1157 367 1211 debeant
402 1159 518 1211 fide
549 1177 641 1226 es,
691 1159 754 1211 in
787 1161 1137 1231 quacunque
1163 1161 1406 1232 regione
1431 1160 1686 1228 degant,
1733 1177 1856 1212 non
1886 1162 2072 1216 modo.
2086 1160 2317 1230 legibus
2346 1171 2408 1214 et
2483 1175 2486 1176 ’

125 1228 573 1296 magistratuum
599 1230 855 1297 imperio
890 1246 1136 1298 parere,
1190 1231 1292 1282 sed
1321 1230 1381 1281 in
1417 1231 1536 1283 suis
1568 1229 1747 1282 etiam
1779 1228 2053 1297 precibus
2082 1246 2288 1283 eorum
2318 1248 2407 1282 sa-

124 1294 301 1350 lutem
331 1300 750 1350 commendare
777 1299 927 1351 Deo.
995 1298 1254 1354 Dicebat
1280 1297 1569 1354 Israelitis
1593 1298 1882 1351 Ieremias
1914 1297 2033 1365 (29,¹
2052 1298 2169 1357 7.)=
2209 1299 2407 1361 ,Orate

125 1380 228 1431 pro
271 1383 415 1435 pace
438 1359 792 1434 Babylonis,
842 1368 1129 1437 quoniam
1169 1367 1234 1422 in
1275 1383 1423 1437 pace
1466 1367 1597 1420 eius
1642 1383 1755 1435 pax
1791 1377 2028 1420 vestra-2
2075 1368 2409 1440 Haecluni-

36 1493 39 1508 Γ
123 1434 354 1485 versalis
395 1444 489 1487 est
523 1436 804 1489 doctrina
823 1473 840 1503 ,
887 1445 955 1490 ut
986 1436 1286 1491 ordinatas
1315 1454 1348 1490 a
1374 1436 1504 1488 Deo
1532 1427 1862 1506 potestates
1887 1437 2193 1506 cupiamus
2218 1438 2407 1491 salvas

122 1499 452 1570 etspacatas
489 1512 666 1557 stare.
823 1507 897 1557 Ut
927 1506 1245 1573 placidam.
1317 1506 1631 1573 Proposita
1662 1506 1924 1558 utilitate
1955 1506 2267 1559 stimulum
2296 1523 2405 1558 no-

121 1569 202 1622 bis
236 1572 408 1626 addit.
464 1573 696 1626 fructus
724 1572 884 1628 enim
917 1583 1264 1643 enumerat,
1316 1574 1421 1645 qui⁴
1448 1592 1520 1627 ex
1550 1575 1892 1643 principatu
1920 1574 2041 1628 rite
2072 1577 2404 1645 composito

119 1642 279 1708 nobis
320 1642 709 1714 proveniunt.
791 1643 1028 1697 Primus
1059 1655 1147 1698 est
1173 1642 1498 1715 tranquilla
1526 1643 1665 1696 vita.
1720 1644 1919 1714 gladio
1954 1643 2115 1702 enim
2147 1654 2282 1696 sunt
2315 1662 2403 1696 ar—

119 1711 254 1760 mati
291 1710 718 1780 magistratus,
761 1719 842 1765 ‘ut
882 1729 993 1765 nos
1032 1711 1096 1765 in
1139 1729 1283 1782 pace
1318 1712 1710 1768 contineant.'
1779 1713 1914 1766 Nisi
1955 1723 2406 1781 compescerent

117 1776 529 1847 improborum
572 1780 879 1834 audaciam
901 1820 919 1849 ,
950 1773 1294 1846 ¹latrociniis
1331 1793 1399 1845 et,
1425 1782 1703 1835 caedibus
1746 1782 1947 1834 omnia
1981 1792 2180 1835 essent
2205 1783 2403 1849 plena.

117 1846 273 1900 Haec
299 1849 499 1916 igitur
522 1849 683 1918 pacis
711 1852 958 1903 tuendae
987 1852 1162 1917 ratio,
1199 1868 1381 1921 quum
1409 1850 1737 1920 unicuique
1762 1850 2030 1905 redditur
2053 1850 2209 1920 quod
2231 1868 2403 1904 suum

117 1926 228 1985 est,
266 1918 651 1990 necimpune
675 1931 974 1987 grassatur
999 1922 1404 1998 potentiorum
1437 1917 1744 1974 violentia.
1831 1919 2135 1986 Secundus
2167 1921 2419 1972 {ructus-

116 1993 198 2035 est
229 1988 483 2053 pietatis
521 1988 932 2042 conservatio}
979 1990 1118 2042 dum
1148 1988 1382 2042 scilicet
1409 1987 1763 2040 incumbunt
1788 1989 2176 2056 magistratus
2210 1990 2279 2041 ad
2313 1989 2402 2040 ion
2473 2033 2479 2038 ,
2533 2009 2538 2016 „

115 2057 354 2106 vendam
384 2055 788 2127 religionem,
835 2059 908 2112 ad
939 2059 1320 2110 asserendum
1346 2057 1465 2109 Dei
1499 2058 1759 2123 cultum,
1796 2058 1871 2110 ad
1900 2074 2205 2111 sacrorum
2236 2074 2401 2110 reve-

115 2125 364 2179 rentiam
386 2126 760 2194 exigendam.
832 2127 1074 2178 Tertius
1102 2135 1205 2177 est
1226 2143 1369 2179 cura
1393 2125 1668 2195 publicae
1695 2126 2044 2177 honestatis.
2107 2128 2258 2179 Nam
2284 2127 2403 2180 hoc

113 2192 283 2244 etiam
323 2194 397 2245 fit
438 2198 896 2263 magistratuum
935 2194 1261 2262 beneficio,
1310 2212 1388 2245 ne
1421 2194 1495 2247 ad
1534 2194 1844 2248 belluinus,
1867 2195 2177 2260 foeditates
2205 2212 2266 2247 se
2295 2191 2400 2247 ho-

110 2261 291 2313 mines
322 2262 730 2331 prostituant,
767 2275 871 2316 aut
901 2261 1184 2315 indecore
1207 2263 1556 2317 lasciviant:
1610 2263 1711 2316 sed
1741 2263 1943 2332 potius
1977 2264 2177 2332 vigeat
2203 2266 2405 2317 mode-³

111 2328 214 2380 stia
253 2340 315 2382 et
352 2333 714 2384 moderatio.
797 2334 957 2392 Haec
985 2332 1097 2384 tria
1125 2332 1171 2383 si
1196 2330 1519 2395 tollantur,
1560 2332 1750 2399 qualis
1778 2332 1895 2384 erit
1921 2332 2217 2400 humanae
2246 2334 2412 2386 vitae

108 2406 288 2465 status
308 2400 336 2454 ‚⁹
415 2401 604 2471 Siqua
634 2416 777 2470 ergo
806 2401 900 2454 vel
928 2399 1205 2470 publicae
1227 2399 1710 2471 tranquillitatis,
1748 2400 1843 2471 vel
1871 2401 2135 2471 pietatis,
2176 2400 2269 2454 vel
2295 2401 2400 2455 ho-

107 2468 356 2521 nestatis
386 2488 535 2522 cura
563 2488 670 2522 nos
699 2473 926 2539 tangit:
966 2471 1416 2523 meminerimus
1438 2487 1642 2522 eorum
1664 2486 1898 2540 quoque
1922 2471 2253 2523 habendam
2277 2489 2404 2524 esse

109 2549 346 2605 curam,
405 2556 668 2608 quorum
710 2541 1048 2593 ministerio
1086 2550 1209 2591 tam
1243 2539 1550 2608 praeclara
1583 2539 1739 2592 hona
1780 2539 1850 2590 ad
1892 2556 2001 2605 nos
2034 2541 2420 2608 perveniunt.¹

106 2604 269 2660 Unde
306 2604 657 2677 colligimus
697 2610 888 2673 omnis
926 2609 1305 2662 humanitatis
1344 2615 1618 2676 expertes
1645 2624 1769 2659 esse
1795 2608 2083 2660 fanaticos
2111 2609 2402 2675 homines,

104 2687 211 2724 nec
249 2677 419 2732 aliud
467 2676 653 2746 quam
684 2676 874 2732 feram
911 2678 1249 2730 barbariem
1293 2678 1550 2746 spirare,
1586 2676 1690 2746 qui
1722 2676 2105 2746 magistratus
2136 2696 2166 2728 e
2200 2678 2400 2729 medio
2442 2691 2446 2701 ’

100 2743 370 2798 sublatos
414 2747 689 2814 cupiunt.
776 2749 1078 2817 Quantum
1109 2747 1266 2801 enim
1297 2746 1445 2798 haec
1473 2745 1851 2814 discrepant,
1904 2754 1971 2798 ut
1997 2746 2314 2812 vigeat‘ius
2345 2757 2406 2798 et

100 2809 460 2882 honestum,
517 2825 580 2867 ut
618 2815 833 2868 floreat
871 2815 1122 2884 religio,
1179 2815 1470 2870 arandum
1505 2831 1629 2867 esse
1668 2830 1776 2882 pro
1817 2814 2115 2883 Regibus:
2182 2825 2241 2870 et
2281 2833 2403 2867 non

99 2883 273 2943 modo
317 2883 508 2951 regni
547 2898 802 2950 nomen,
863 2886 968 2938 sed
1006 2894 1198 2947 totam
1243 2883 1511 2954 politiam
1554 2881 1833 2952 religioni
1873 2901 1999 2935 esse
2045 2883 2405 2936 adversam?

97 2951 278 3031 Atqui
307 2952 548 3022 prioris
576 2951 904 3006 sententiae
932 2963 1238 3006 auctorem
1266 2953 1553 3005 habemus
1583 2951 1867 3020 Spiritum
1896 2950 2047 3005 Dei:
2084 2952 2407 3006 secundam

99 3034 241 3088 ergo
273 3038 307 3073 a
332 3021 586 3074 diabolo
615 3039 738 3074 esse
767 3032 1027 3092 oportet.
1107 3022 1165 3074 Si
1197 3031 1376 3089 roget
1403 3019 1731 3090 quispiam,
1776 3039 1849 3073 an
1877 3021 2055 3073 etiam
2082 3037 2190 3088 pro
2220 3020 2408 3089 Regi-

97 3084 206 3140 bus
249 3090 558 3143 orandum
593 3089 717 3157 sit,
758 3110 791 3144 a
822 3091 1040 3166 'quilius
1080 3089 1234 3144 nihil
1273 3090 1394 3143 tale
1436 3087 1833 3158 percipimusz
1882 3090 2245 3160 respondeo,
2286 3090 2406 3153 huc

94 3158 349 3212 tendere
397 3168 546 3212 vota
581 3169 816 3226 nostra,
866 3169 931 3213 ut
954 3157 1177 3229 Spiritu
1206 3159 1319 3211 Dei
1344 3158 1664 3227 gubernati
1689 3159 2014 3226 bonorum,
2061 3159 2270 3229 quibus
2302 3168 2420 3210 an-k

94 3232 190 3295 tea
230 3245 346 3280 nos
387 3229 750 3299 privabant,
802 3227 1066 3282 ministri
1105 3229 1277 3282 nobis
1314 3245 1440 3280 esse
1468 3220 1794 3295 incipiant.
1865 3229 1998 3281 Non
2027 3243 2170 3296 ergo
2196 3245 2307 3296 pro
2333 3229 2407 3279 iis

92 3302 329 3352 tantum
348 3334 366 3365 ,
454 3299 518 3350 ui
544 3298 662 3351 iam
695 3299 862 3366 digni
891 3307 1049 3359 sunt,
1091 3314 1265 3351 orare
1288 3314 1407 3353 nos,
1427 3295 1627 3348 decet:
1665 3297 1772 3349 'sed
1797 3297 2091 3364 rogandus
2120 3298 2301 3363 Deus,
2340 3305 2409 3351 ut

93 3379 163 3414 ex
191 3368 377 3418 malis
471 3384 619 3420 onos
659 3369 858 3420 faciat.
951 3367 1295 3419 Tenendum
1337 3365 1493 3418 enim
1530 3381 1769 3434 semper
1809 3364 1974 3431 istud,¹
2013 3365 2406 3434 principium,

91 3439 213 3485 tam
253 3437 334 3489 ad
381 3435 715 3505 religionis
756 3453 933 3506 quam
964 3436 1036 3495 ad
1065 3432 1518 3504 tranquillitatis
1552 3442 1616 3487 et
1642 3429 1965 3488 honestatis
1991 3434 2275 3504 publicae
2307 3452 2406 3486 cu·

86 3503 353 3563 stodiam
398 3507 729 3557 destinatos
771 3522 896 3558 esse
935 3521 968 3556 a
1008 3506 1135 3556 Deo
1180 3504 1603 3573 magistratus,
1652 3502 1784 3559 non*
1814 3503 1989 3556 aliter
2026 3519 2205 3573 quam
2244 3514 2411 3556 terra

84 3574 504 3637 procreandis
531 3573 829 3631 alimentis
858 3573 1128 3627 ordinata
1154 3582 1265 3627 est.
1352 3572 1865 3643 Quemadmodum
1887 3574 2090 3642 itaque
2114 3589 2223 3640 pro
2257 3589 2410 3641 pane

89 3642 463 3707 quotidiano
496 3653 733 3696 orantes
763 3642 957 3696 Deum
989 3659 1300 3712 rogamus,
1354 3651 1423 3693 ut
1446 3651 1673 3693 terram
1699 3657 1804 3694 sua
1828 3641 2245 3698 benedictione
2279 3641 2411 3692 foe·

85 3712 344 3765 cundet:
401 3712 501 3764 sic
539 3712 602 3763 in
639 3712 771 3764 illis
804 3711 1108 3782 prioribus
1134 3710 1454 3764 'beneficiis
1495 3710 1864 3764 ordinarium
1899 3710 2200 3778 medium,
2247 3709 2409 3780 quod

84 3792 189 3830 sua
221 3779 621 3848 providentia
648 3782 997 3847 constituit,
1043 3781 1344 3848 respicere
1371 3779 1675 3833 debemus.
1757 3778 1891 3830 Huc
1920 3778 2151 3830 accedit
2172 3779 2412 3848 ..quota

83 3844 133 3901 si
175 3847 518 3903 beneficiis
561 3847 697 3901 istis
717 3887 734 3915 ,
773 3865 1035 3920 quorum
1060 3849 1561 3917 dispensationem
1589 3846 2043 3916 magistratibus
2072 3847 2290 3903 Paulus
2322 3865 2410 3899 as-

81 3919 322 3987 signat,
425 3918 801 3984 estituimur,
849 3919 911 3970 id
952 3919 1242 3985 contingit
1278 3928 1488 3983 nostra
1531 3915 1726 3988 culpa.
1812 3915 2068 3968 Inutiles
2097 3914 2256 3968 enim
2286 3932 2407 3973 ma·
2451 3982 2454 3985 Ι

83 3986 386 4053 gistratua
420 3986 606 4038 nobis
635 3988 834 4041 reddit
857 3987 949 4038 ira
974 3987 1111 4054 Dei,
1148 4003 1266 4040 non
1298 4002 1470 4039 secus
1499 4001 1568 4037 ac
1594 3992 1823 4051 terram
1849 3984 2136 4037 sterilem.
2191 3987 2409 4055 'Quare

80 4060 369 4111 nostrum
399 4064 502 4108 est
529 4055 821 4109 eiusmodi
853 4056 1095 4123 flagella
1124 4054 1472 4123 deprecari,
1499 4068 1663 4125 ,quae
1698 4053 1966 4120 peccatis
1999 4053 2217 4107 nostris
2255 4056 2409 4117 irro-
2491 4066 2502 4067 ’

80 4134 331 4191 gantur.
428 4125 760 4177 Praeterea
788 4124 891 4193 hic
919 4123 1109 4177 officii
1137 4125 1230 4177 sui
1261 4122 1515 4176 vicissim
1542 4121 1935 4185 admonentur
1959 4121 2261 4192 principes
2282 4160 2296 4186 ‚
2348 4132 2409 4173 et

83 4192 447 4264 quicunque
478 4194 900 4262 magistratum
927 4202 1165 4261 gerunt.
1239 4194 1449 4263 Neque
1476 4190 1637 4244 enim
1655 4189 1801 4243 satis
1830 4197 1952 4257 est,
1999 4190 2047 4242 si
2078 4191 2171 4242 ius
2195 4191 2410 4257 cuique

79 4274 257 4315 suum
284 4261 613 4327 redderido
638 4261 892 4316 iniurias
923 4278 1126 4314 omnes
1153 4268 1497 4326 coerceant,
1537 4262 1861 4328 pacemque
1892 4256 2169 4310 foveants
2206 4258 2320 4310 nisi
2348 4267 2411 4311 et

77 4331 460 4400 religionem
509 4347 867 4398 promovere
886 4367 904 4396 ,
934 4341 1013 4397 ‚et
1045 4331 1295 4382 honesta
1329 4327 1648 4399 disciplina
1678 4343 1876 4382 mores
1904 4343 2263 4397 componore
2288 4336 2412 4378 stu-

80 4395 285 4453 deant.
386 4400 613 4467 Neque
641 4400 799 4452 enim
828 4401 1055 4467 frustra
1083 4399 1362 4452 hortatur
1383 4398 1576 4450 David
1616 4396 1796 4464 (Psal.
1816 4395 1874 4460 2,
1895 4397 2047 4458 12),
2096 4405 2166 4447 ut
2196 4390 2415 4450 Filium

80 4470 461 4524 osculentur
481 4486 500 4519 ε
555 4484 668 4521 neo
693 4470 914 4527 frustra
939 4468 1160 4524 Iesaias
1190 4466 1303 4537 (49,
1331 4464 1450 4537 23.)
1475 4463 1792 4521 denuntiat
1818 4464 1954 4519 fore
1976 4462 2280 4533 Ecclesiae
2305 4480 2409 4518 nu-

1573 4536 1657 4605 16,
1675 4534 1717 4572 ¹*
