2820 4895
247 316 262 339 .
331 240 464 381 sss
892 273 999 337 lN
1072 233 1680 340 E'PISTOLAE
1746 271 2081 345 ΡΔυιι

334 445 451 498 Dei
472 442 696 503 zelum3
733 439 833 494 sed
860 441 995 511 quia
1022 457 1056 493 a
1085 457 1145 493 se
1172 441 1315 509 ipsis
1345 439 1656 511 incipiunt,
1680 442 1923 510 ”semper
1952 457 2156 495 eorum
2189 442 2469 496 severitas
2500 459 2635 496 cum

336 512 745 595 misericordia
786 512 1098 581 coniuncta
1136 521 1244 563 est.
1317 513 1473 581 Ergo
1508 528 1586 563 ne
1620 509 1821 562 fideles
1854 514 2102 578 superbe
2140 521 2200 564 et
2222 512 2635 569 inhumaniter

336 584 469 637 aliis
494 583 807 652 insultent,
848 583 947 652 qui
971 581 1159 635 adhuc
1181 582 1246 633 in
1273 581 1607 652 ignorantia
1641 590 1699 632 et
1724 584 2008 653 caecitate
2040 582 2412 652 detinentur,
2457 586 2640 653 redu-

340 655 423 707 cit
458 654 573 706 illis
601 653 817 705 Paulus.
836 651 896 702 in
926 651 1300 718 memoriam,
1353 651 1550 722 quales
1590 651 1843 717 fuerint,
1890 669 1970 704 sac
2013 651 2061 705 si
2104 652 2354 707 diceret:
2412 653 2473 708 Si
2520 646 2639 706 tam

341 722 559 776 acriter
599 723 926 790 exagitandi
967 731 1134 789 sunt,
1189 738 1333 789 quos
1373 722 1633 773 nondum
1670 720 1808 773 fidei
1842 722 1974 772 luce
2024 723 2294 792 dignatus
2337 734 2428 776 est
2460 727 2641 791 Deus,

338 794 544 848 eodem
565 793 692 845 iure
723 795 987 860 potuistis
1015 793 1155 844 olim
1186 792 1571 844 inclementer
1596 794 1830 852 vexari3
1874 784 2204 846 noluissetis
2239 802 2405 846 certe
2435 811 2642 864 quem-

341 872 517 934 quam
547 880 668 915 esse
693 863 853 914 vobis
887 864 1032 915 aden
1059 863 1478 914 inhumanum:
1518 860 1761 913 eandem
1791 861 1972 928 igitur
1994 860 2465 915 moderatione-ni
2499 876 2643 932 erga

342 934 667 999 aliosnunc
691 941 904 989 tenete.
974 932 1105 985 Duo
1136 941 1329 987 autem
1363 933 1427 981 in
1456 931 1646 982 verbis
1675 931 2241 1001 Pauliintelligenda
2271 940 2449 991 suntw
2470 933 2642 991 Prius

339 1013 456 1070 est,
501 1012 595 1069 ut,
632 1004 733 1071 qui
763 1019 917 1067 nunc
943 996 1257 1054 illuminati
1300 1010 1435 1055 sunt
1462 1002 1812 1070 aDomino,
1858 1001 2140 1068 pristinae
2183 1019 2320 1057 suae
2363 1003 2641 1070 ignoran-

338 1066 458 1126 tiae
491 1075 768 1135 memoria
811 1072 1142 1138 humiliati,
1193 1089 1311 1122 non
1355 1088 1417 1122 se
1456 1070 1727 1122 fastuose
1758 1068 2044 1137 offerant,
2095 1088 2200 1122 nec
2243 1071 2501 1139 iniquius
2545 1081 2643 1123 aut

342 1143 539 1194 durius
568 1158 665 1194 eos
690 1152 977 1207 tractent,
1019 1146 1198 1211 quam‘
1228 1159 1287 1192 se
1327 1149 1608 1208 putarunt
1638 1136 2011 1204 tractandos,
2040 1144 2233 1210 'quum
2266 1140 2459 1192 essent
2484 1136 2641 1194 simi-

338 1212 456 1276 le‘83
495 1213 773 1279 alterum,
815 1221 879 1264 ut
904 1220 1198 1281 reputent,
1233 1227 1337 1262 suo
1370 1213 1637 1278 exemplo
1664 1227 1831 1277 posse
1857 1227 1986 1261 cras
2013 1212 2191 1275 inseri
2217 1212 2274 1262 in
2296 1211 2639 1279 Ecclesiam,

339 1283 441 1352 qui
477 1282 652 1335 hodie
695 1284 956 1335 extranei
996 1292 1160 1348 sunt,
1225 1290 1283 1332 et
1324 1283 1600 1333 correctis
1643 1280 1798 1331 vitiis
1836 1297 2002 1351 posse
2039 1280 2168 1333 fieri
2208 1278 2497 1334 donatum
2534 1283 2640 1334 Dei

340 1354 689 1421 participeS‚
732 1352 937 1421 quibus
965 1369 1120 1404 nunc
1156 1352 1557 1404 destituuntur.
1629 1346 1942 1418 Utriusque
1987 1352 2073 1402 rei
2110 1352 2409 1420 speculum
2454 1352 2642 1403 elucet

335 1418 400 1476 in
437 1420 744 1487 fidelihus,
803 1423 902 1491 qui
942 1423 1253 1492 aliquando
1300 1420 1593 1472 tenebrae'
1616 1416 1890 1488 fuerunt,
1942 1431 2145 1488 postea
2182 1432 2505 1490 coeperunt
2547 1424 2639 1474 lux

342 1511 466 1546 esse
506 1496 567 1546 in
596 1491 867 1546 Domino.
957 1495 1151 1562 Quare
1190 1492 1384 1542 debet¹
1408 1490 1688 1558 pristinae
1728 1504 1863 1543 suae
1906 1492 2256 1545 conditionis
2298 1493 2523 1561 agnitio
2571 1493 2641 1544 ad

336 1559 698 1635 συμπάθειαν
731 1579 828 1613 eos
857 1559 1116 1614 flectere.
1202 1563 1481 1627 Praesens
1527 1564 1721 1612 autem
1752 1560 1863 1613 Dei
1906 1563 2093 1629 gratia
2135 1564 2639 1630 documentoest,

334 1648 504 1699 posse
538 1633 680 1685 alios
707 1649 937 1701 qnoque
967 1634 1038 1684 ad
1069 1631 1313 1684 salutem
1337 1632 1573 1684 adduci.
1645 1634 1734 1684 Ita
1767 1632 2054 1699 videmus,
2096 1642 2368 1704 oportere
2401 1649 2512 1684 nos
2545 1650 2634 1684 co-

208 1716 216 1728 ’
294 1748 304 1771 ·.
334 1719 464 1753 ram
490 1703 616 1755 Deo
643 1702 981 1768 humiliari,
1022 1712 1084 1754 ut
1125 1702 1416 1755 mansueti
1458 1704 1635 1754 simus
1679 1719 1812 1773 erga
1850 1703 2081 1756 fratres,
2168 1703 2350 1756 Saeva
2386 1705 2639 1755 enim-et

341 1772 1025 1840 omnium-contemptrix
1066 1781 1151 1824 est
1188 1773 1476 1840 superbia.
1549 1768 1703 1822 Alibi
1737 1771 1954 1838 (Galat.
1989 1774 2042 1834 6,
2075 1773 2152 1839 1.)
2201 1778 2378 1843 quum
2425 1788 2532 1826 nos
2571 1773 2639 1824 ad

336 1838 640 1894 lenitatem
671 1843 974 1909 hortatur,
1014 1861 1150 1895 suae
1182 1857 1652 1912 unumquemque
1680 1848 1943 1907 nostrum
1981 1840 2346 1896 infirmitatis
2377 1856 2634 1895 commo·

335 1910 592 1977 nefacit3
631 1912 728 1965 hio
755 1913 910 1966 ultra
936 1912 1232 1981 procedit,
1277 1913 1556 1982 quoniam
1585 1905 1759 1977 vitia,
1799 1927 1833 1963 a
1873 1912 2082 1997 quibus
2110 1916 2228 1965 iam
2273 1915 2512 1968 liberati
2555 1932 2636 1966 su-

299 1992 310 2013 ἶ
333 1997 496 2048 muS,
535 1982 654 2035 vult
681 2000 787 2035 nos
812 1984 1143 2048 recordari,
1181 1993 1277 2049 ut,
1320 2001 1469 2052 quae
1500 1981 1688 2032 adhuc
1718 1983 1779 2032 in
1819 1981 1949 2034 allis
1972 1982 2283 2052 resident,
2321 1980 2441 2037 non
2486 1984 2635 2037 ultra

333 2052 573 2103 modum
605 2048 974 2106 insectemur.
1044 2056 1223 2106 Porro
1256 2070 1436 2121 quum
1465 2051 1565 2102 hic
1589 2051 1842 2102 breviter
1882 2053 2159 2121 depingat
2190 2054 2402 2108 Paulus
2448 2050 2631 2107 homi-

189 2128 196 2129 ’
269 2177 275 2181 ⁷.
334 2123 428 2173 nis
452 2123 782 2192 ingenium,
826 2124 996 2194 quale
1021 2124 1145 2191 est,
1184 2123 1369 2174 donec
1402 2118 1859 2199 ChristrSpiri'tu
1899 2124 2280 2176 reformetur:
2318 2127 2537 2178 intueri
2580 2126 2635 2177 in

333 2192 449 2244 hac
493 2195 879 2262 descriptione
916 2194 1088 2261 licet,
1153 2210 1328 2262 quam
1372 2195 1572 2245 miseri
1612 2192 1786 2246 simus
1834 2203 1993 2245 extra
2036 2194 2352 2247 Christum.
2446 2197 2633 2248 Primo

296 2285 299 2288 ⁴
337 2265 557 2329 stultos
588 2275 757 2316 vocat
781 2263 1084 2331 infideles,
1123 2264 1259 2332 quia
1295 2280 1459 2315 mera
1485 2265 1560 2314 sit
1592 2265 1968 2327 vanitasttota
1999 2265 2303 2317 hominum
2331 2262 2635 2334 sapientia,

336 2334 611 2401 quamdiu
648 2338 833 2397 Deum
876 2351 1007 2386 non-
1036 2344 1409 2403 cognoscunt.
1472 2348 1475 2353 ·
1516 2334 1701 2384 Vocat
1745 2333 1954 2385 'deinde
1998 2336 2426 2400 inobedientes,
2485 2338 2635 2409 quia,

335 2403 489 2457 sicut
527 2405 650 2458 sola
684 2415 768 2459 est
797 2405 973 2470 fides,
1038 2421 1185 2477 quae
1229 2412 1363 2456 vere
1400 2403 1799 2469 Deo'obedit‚
1852 2404 1943 2457 ita
1985 2404 2364 2457 incredulitas
2389 2412 2633 2477 'semper

336 2485 652 2528 contumax
684 2486 741 2528 et
775 2476 1008 2540 rebellis
1044 2491 1159 2542 est,
1201 2490 1534 2544 quanquam
1573 2473 1826 2537 ἀπειθεῖς
1867 2489 2159 2548 possemus
2194 2486 2418 2527 vertere
2446 2473 2636 2538 incre-

337 2545 535 2615 dulos,
576 2558 642 2598 ut
667 2546 944 2599 stultitiae
977 2548 1225 2614 speciem
1258 2549 1568 2613 exprimat.
1641 2547 1842 2596 Tertio
1875 2543 2017 2597 dicit
2042 2543 2375 2598 incredulos
2405 2561 2638 2610 errare}

334 2615 485 2668 solus
541 2618 696 2669 enim
742 2617 1005 2669 Christus
1051 2619 1141 2668 via
1181 2624 1269 2667 est
1324 2623 1383 2666 et
1425 2614 1523 2666 lux
1575 2613 1777 2667 mundi
1842 2616 2068 2679 (Iohan.
2111 2618 2161 2681 8,
2197 2609 2277 2669 12.
2318 2626 2378 2667 et
2421 2617 2507 2683 14,
2538 2618 2641 2684 6.).

335 2685 533 2755 Quare
558 2704 798 2739 necesse
845 2695 932 2739 est
978 2702 1175 2739 omnes
1215 2702 1247 2735 a
1277 2685 1405 2736 Deo
1445 2684 1664 2752 alienos
1705 2695 1880 2753 vagos
1919 2695 1978 2738 et
2022 2686 2303 2738 erraticos
2344 2700 2471 2737 esse
2518 2696 2643 2737 tota

330 2757 472 2809 vita.
539 2755 835 2822 Hactenus
862 2765 1136 2810 naturam
1165 2753 1528 2810 infidelitatis
1557 2753 1870 2818 indicavit;
1914 2773 2070 2809 nunc
2101 2757 2279 2808 etiam
2311 2756 2479 2808 addit
2510 2749 2645 2808 ‘fru-

326 2825 493 2891 vc‘tus,
545 2827 641 2896 qui
676 2845 744 2880 ex
774 2844 844 2878 ea
878 2835 1152 2892 manant,
1205 2842 1416 2893 nempe
1458 2825 1618 2876 varia
1662 2823 1949 2898 desideria
1987 2836 2044 2877 et
2080 2829 2447 2896 voluptates,
2489 2829 2645 2879 iuvi-

334 2895 885 2964 eliamrm‘alitiam,
926 2906 983 2949 et
1014 2913 1162 2965 quae
1193 2896 1308 2951 illis
1340 2905 1476 2947 sunt
1513 2894 1750 2947 similia.
1824 2899 2039 2949 Verum
2064 2896 2320 2964 ”quidem
2364 2905 2483 2961 est,
2525 2897 2639 2947 ii'on

331 2965 599 3017 omnibus
644 2965 792 3017 vitiis
831 2969 1086 3037 singulos
1112 2967 1331 3035 pariter
1363 2966 1664 3027 laborare3
1704 2967 1804 3017 sed
1830 2977 2008 3037 quum
2035 2974 2234 3022 omnes
2270 2967 2462 3034 pravis
2490 2965 2641 3017 desi-

335 3031 511 3087 deriis
539 3034 826 3104 serviant,
880 3038 1108 3100 tametsi
1148 3037 1266 3089 alii
1293 3037 1409 3087 alio
1446 3038 1747 3103 ferantur,
1799 3038 2134 3090 summatim
2176 3033 2512 3104 ‘complexus
2559 3043 2641 3088 est

274 3159 277 3172 ,
320 3103 578 3171 Paulus,
613 3106 813 3173 quales
840 3107 1057 3174 passim
1088 3108 1316 3158 fructus
1346 3109 1538 3176 pariat
1577 3106 1974 3160 incredulitas.
2052 3109 2185 3177 Qua
2218 3106 2289 3157 de
2319 3123 2380 3156 re
2411 3108 2641 3158 dictum

328 3184 420 3236 est
444 3171 678 3227 circiter
705 3176 886 3229 finem
909 3178 1093 3245 'primi
1125 3178 1330 3246 capitis
1359 3175 1432 3228 ad
1463 3179 1779 3230 Romanos.
1856 3179 2166 3232 Caeterum
2197 3180 2373 3246 quum
2407 3176 2498 3229 his
2526 3193 2640 3227 no-

326 3245 401 3297 tis
428 3248 540 3300 Dei
571 3246 728 3298 filios
761 3247 969 3299 Paulus
1016 3248 1088 3299 ab
1128 3248 1448 3312 incredulis
1486 3248 1809 3299 discernat:
1862 3251 1910 3299 si
1954 3248 2463 3299 fideles‘volumus
2503 3263 2643 3297 cen-

328 3316 481 3382 seri,
545 3320 646 3367 cor
693 3318 854 3368 om‘ni
898 3317 1120 3370 invidia
1153 3328 1498 3386 purgatum,
1552 3319 1710 3368 omni
1753 3318 1978 3370 malitia
2018 3333 2234 3384 purum
2270 3318 2493 3369 hebere
2533 3327 2643 3368 nos

328 3394 591 3455 oportet,
632 3403 831 3438 amare
863 3400 922 3437 et
945 3393 1147 3442 mutuo
1178 3389 1459 3440 amabiles
1489 3405 1616 3451 esse
1640 3390 1932 3441 convenit.
2011 3388 2371 3456 cupiditates
2404 3387 2542 3439 vero
2578 3388 2642 3438 in

324 3456 496 3513 nobis
523 3457 814 3509 dominari
853 3455 1162 3509 absurdum
1206 3467 1326 3522 est,
1368 3469 1518 3530 quae
1557 3455 1688 3508 ideo
1725 3457 1922 3509 variae
1960 3453 2242 3511 ‘dicuntur
2286 3462 2438 3524 (meo
2479 3458 2643 3511 iudi-

326 3528 481 3595 cio),
518 3527 796 3596 quoniam
837 3526 1141 3594 libidines,
1183 3529 1391 3597 quibus
1436 3528 1613 3579 homo
1655 3529 1904 3596 carnalis
1951 3527 2364 3597 circumagitur
2388 3567 2403 3593 ‚
2459 3527 2645 3579 veluti

259 3603 266 3604 ’
321 3598 609 3650 contrarii
636 3608 770 3651 sunt
799 3597 1045 3666 fluctus,
1087 3598 1184 3669 qui
1224 3598 1364 3651 dum
1409 3597 1570 3649 inter
1610 3614 1672 3649 se
1717 3600 2080 3668 confligunt,
2117 3598 2419 3650 hominem
2447 3595 2645 3667 ipsum

327 3678 563 3719 versant
590 3667 705 3721 huc
735 3678 796 3734 et
821 3669 987 3736 illuc,
1019 3675 1094 3721 ‘ut
1124 3669 1306 3720 variet
1330 3680 1519 3737 atque,
1539 3668 1791 3720 alternet
1818 3670 1944 3720 fere
1975 3671 2038 3721 in
2071 3670 2291 3736 singula
2321 3675 2643 3734 momenta,

325 3733 487 3806 Talis
529 3749 686 3791 certe
725 3748 815 3791 est
857 3742 1108 3792 omnium
1139 3739 1524 3808 inquietudo,
1614 3740 1672 3789 ui
1713 3756 1775 3789 se
1820 3741 2011 3792 carnis
2059 3735 2360 3792 desideriis
2400 3739 2646 3807 permit-

326 3816 494 3874 tunt,
536 3810 671 3884 quia
696 3810 859 3864 nulla
888 3809 1003 3865 nisi
1027 3811 1093 3878 in
1120 3809 1234 3863 Dei
1260 3809 1477 3862 timore
1504 3818 1590 3862 sta
1636 3809 1811 3862 ilitas.

495 3992 561 4058 4.
608 3993 742 4070 Sed
776 4007 1134 4081 postquam
1169 3997 1442 4061 bonitas
1470 4008 1544 4060 et
1572 4014 1765 4059 amor
1793 3993 1955 4081 erga
1974 3994 2290 4057 homines
2320 3995 2645 4079 apparuit

318 4074 709 4150 Servatoris
742 4086 959 4157 nostri
988 4082 1157 4158 Dei,
1241 4081 1301 4144 5.
1347 4082 1506 4143 Non
1547 4083 2030 4166 exoperibus,
2075 4097 2246 4163 quae
2292 4085 2520 4141 essent
2566 4080 2644 4137 iu

319 4162 617 4237 iustitia,
661 4183 833 4247 quae
879 4184 1003 4228 nos
1046 4165 1490 4241 fecissemu8‚
1539 4165 1670 4246 sed*
1713 4166 2085 4228 secundum
2127 4175 2326 4227 'suam
2364 4163 2642 4226 miseri-

321 4245 630 4321 cordiam
665 4246 890 4314 salvos
924 4268 1046 4311 nos
1077 4247 1240 4311 fecit
1265 4271 1392 4333 per
1441 4250 1779 4317 lavacrum
1827 4250 2361 4334 regenerationis
2403 4265 2487 4322 ac,
2519 4264 2643 4307 re-

325 4335 717 4394 novationis
766 4332 1062 4418 Spiritus
1106 4338 1366 4410 sancti‚
1460 4339 1530 4398 6.
1597 4333 1801 4417 Quod
1859 4332 1989 4419 (vel
2025 4336 2233 4418 quem)
2276 4330 2526 4396 effudit
2564 4333 2641 4392 in

323 4423 455 4488 nos
532 4415 862 4501 opulente
893 4497 896 4498 ⁷
931 4438 1053 4505 per
1108 4418 1328 4482 lesum
1391 4417 1749 4485 Christum
1809 4419 2243 4485 Servamrem
2306 4424 2648 4492 nostrum,
