2820 4895
482 339 496 359 ,
578 254 763 350 ἈΒ
830 266 1646 391 ΤῐΜωἹἯΕῃΜοΗ.
1716 278 1877 346 cn».
1922 276 2078 347 iv..
2238 306 2243 309 Δ
2350 274 2521 353 2335·

145 453 334 509 »ritus
366 452 497 508 sitis
529 448 788 523 (Lucii),
809 452 953 518 550.
1026 450 1393 521 Videbantur
1420 448 1906 521 quidem‘habere
1931 448 2128 505 Elian
2148 452 2492 520 auctorem,

163 524 282 645 {pi
320 524 479 578 idem
511 517 773 592 petierat
813 514 1140 581 &Domino
1184 521 1466 591 (IL-fleg.
1500 521 1729 588 1310.);
1780 522 1884 593 sed
1919 521 2491 599 quonim·mnltum

123 652 126 655 ,
169 606 176 611 ’
244 595 486 646 stabant
520 610 554 646 a
591 592 820 662 Spiritu
855 590 1066 655 Elina,
1111 600 1497 659 praepostera
1538 588 1995 645 erat‘it‘nitatio‘.
2083 591 2343 642 Proinde
2368 600 2487 643 ne·-

165 678 350 714 -cesse
388 671 509 730 est,
556 671 626 714 ut
662 671 799 714 ante
833 659 1006 712 nobis
1043 659 1335 729 iudicium
1370 674 1546 711 suum
1575 659 1869 710 Dominus
1908 658 2271 727 patefaciat,
2309 657 2488 733 quam

173 744 563 798 erumpamus
601 730 673 782 a'd
713 731 868 782 tales
881 762 896 785 η,
909 729 1406 796 imprecationem
1460 727 1676 781 deinde,
1703 736 1773 779 ut
1801 727 2168 795 Spiritu‘suo
2196 739 2490 799 tanquam

167 801 366 871 'freno-
400 801 595 852 zelum
638 807 911 851 nostrum
945 798 1311 853 mederetur.
1383 797 1467 848 Et
1489 795 1727 866 quoties
1751 795 1817 847 in
1842 797 2489 855 memoriamnostram

173 870 340 921 subit
376 869 551 920 Pauli
590 868 653 920 in
694 885 876 920 unum
919 867 1221 920 hominem
1258 865 1668 932 vehementia,
1730 865 1911 919 simul
1952 864 2133 919 etiam
2164 867 2488 921 'mira-ista

167 952 329 1004 erga
353 954 456 989 eos
470 974 488 1005 ,
524 953 558 988 a
581 937 801 1007 quibus
824 947 949 988 tam
971 935 1467 1008 'fueratturp-iter
1484 936 1766 987 desertus
1783 972 1799 1000 ,
1851 937 2245 1005 mansuetudo
2262 952 2488 990 vocur-

169 1017 313 1073 τοι,
393 1015 464 1059 ut
501 1007 774 1059 'fratrum
828 1004 1284 1059 infirmitatibus
1332 1002 1601 1071 competi
1655 1002 1785 1057 eius,
1826 1004 2485 1071 exemplo-*discentum

175 1078 370 1128 Porro
415 1092 487 1147 ex
521 1075 652 1142 his,
701 1073 819 1143 ‘qui
862 1073 1385 1144 Petrum-fingunt
1426 1073 1750 1145 Romanae
1774 1072 2487 1145 Ecclesia'eana’efuisse,
2524 1068 2538 1090 “

173 1145 338 1199 scire
376 1144 604 1209 velim,
660 1144 763 1207 ubi
811 1152 958 1195 tunc
1002 1141 1210 1195 fuerit.
1299 1141 1570 1194 Necdu'm
1606 1140 1784 1195 enim.
1813 1143 2145 1195 secundum
2183 1156 2284 1196 eos
2325 1161 2488 1196 mor·

175 1223 317 1271 tuus
348 1222 506 1278 erat,
551 1229 733 1283 quum
758 1213 959 1264 dicant
980 1249 997 1276 ,
1039 1227 1259 1265 annum
1290 1218 1627 1263 vertentem
1661 1209 1820 1262 inter
1845 1211 2013 1265 illius
2047 1222 2106 1264 et
2134 1211 2297 1266 Pauli
2325 1226 2487 1264 mor-

174 1291 307 1335 tem
352 1282 733 1334 interfuisse..
817 1280 1046 1335 Deinde
1087 1281 1160 1332 ad
1197 1289 1423 1348 septem
1470 1291 1657 1333 annos
1705 1280 2033 1332 extendunt
2071 1281 2194 1333 eius
2236 1282 2486 1350 pontifi-

107 1407 114 1412 ,
176 1354 401 1404 catum.
496 1350 736 1403 Primae
778 1347 1145 1402 defensionis
1187 1348 1557 1401 mentionem
1595 1347 1696 1400 hic
1742 1348 1959 1400 Paulus
2003 1349 2183 1413 facit3
2247 1360 2486 1402 causam

174 1437 303 1472 non
341 1431 469 1473 tam
509 1421 628 1472 cito
670 1420 933 1472 dicturus
975 1427 1121 1481 enat.
1226 1423 1313 1470 An
1356 1428 1597 1479 reatum
1644 1426 1777 1469 tam?
1811 1418 2080 1485 perfidae
2123 1418 2485 1474 defectionis

175 1488 501 1541 sustinebit
538 1489 783 1552 Petrus,
831 1505 909 1540 ne
939 1474 1140 1556 Papae
1174 1485 1423 1559 titulum
1462 1485 1750 1538 amittat?
1826 1488 2006 1538 Certe
2048 1489 2322 1540 omnibus
2364 1489 2485 1539 rite

175 1557 451 1626 expensis
491 1556 894 1627 reperiemus,
940 1556 1284 1623 fabulosum
1316 1573 1442 1607 esse
1460 1591 1478 1621 ‚
1502 1566 1505 1571 '
1529 1553 1815 1626 quicquid
1843 1555 1918 1607 de
1947 1557 2078 1610 eius
2105 1558 2330 1627 Papatu
2358 1574 2485 1611 cre-

171 1628 377 1681 ditum
417 1635 525 1679 est.

319 1734 404 1786 17.
477 1731 950 1795 Dominusjmihi
994 1716 1214 1796 adfuit)
1299 1731 1427 1782 Hoc
1465 1731 1538 1783 ad
1579 1731 1960 1797 scandalum,
2013 1733 2172 1803 quod
2212 1751 2282 1785 ex
2319 1728 2485 1802 turpi

173 1803 284 1856 illa
326 1818 534 1868 causae
576 1819 714 1854 suae
753 1799 1092 1853 desertione
1135 1799 1284 1853 oriri
1326 1817 1496 1870 posse
1537 1801 1806 1868 videbat,
1856 1801 2192 1855 tollendum
2233 1801 2483 1856 addidit.
2556 1854 2559 1859 ,
2612 1832 2619 1839 ·

137 1920 138 1925 ,
178 1872 463 1942 Quamvis
493 1870 657 1923 enim
692 1872 765 1923 ab
797 1869 1004 1921 officio
1040 1879 1332 1921 cessasset
1361 1871 1630 1931 Romana
1660 1869 1953 1935 Ecclesia,
1992 1870 2317 1940 quicquam
2345 1870 2488 1926 iride

173 1942 447 1993 iacturae
476 1940 724 1991 allatum
752 1939 940 1992 fuisse
968 1939 1289 2006 Evangelio
1316 1948 1526 2006 negat,
1581 1939 1720 2009 quia
1749 1956 1901 1992 unus
1926 1940 2055 2008 ipse
2088 1936 2338 1993 coelesti
2366 1943 2497 1993 vir-.

177 2020 313 2062 tute
344 2010 531 2062 fretus
561 2010 633 2060 ad
659 2019 849 2061 totam
873 2007 1089 2058 molem
1118 2008 1526 2058 sustinendam
1561 2025 1672 2076 par
1697 2008 1914 2072 fuerit,
1957 2016 2017 2059 et
2049 2009 2196 2061 adeo
2228 2011 2290 2060 in
2323 2028 2487 2063 com·

179 2078 348 2132 muni
385 2075 656 2130 omnium
697 2087 859 2129 metu
898 2076 1128 2128 fractus
1169 2093 1287 2127 non
1328 2077 1546 2140 fuerit,
1600 2085 1665 2127 ut
1692 2077 1906 2128 melius
1932 2074 2080 2128 <inde
2115 2078 2481 2146 constiterit,

175 2147 298 2200 Deri
331 2147 587 2215 gratiam
628 2146 834 2199 alienis
867 2143 1156 2213 subsidiis
1193 2145 1439 2196 minime
1471 2162 1670 2213 egere.
1743 2147 1879 2197 Non
1910 2145 2070 2197 enim
2101 2146 2488 2205 iactatsuam

177 2210 631 2283 fortitudinem3
682 2217 782 2268 sed
811 2215 1066 2266 Domino
1109 2210 1346 2294 gratias·
1378 2214 1537 2280 agit,
1590 2213 1748 2289 quod
1789 2214 1860 2263 ad
1903 2223 2171 2266 extrema
2209 2218 2486 2271 redactus

177 2304 299 2339 non
326 2284 740 2350 succubuerit,
789 2300 900 2335 nec
925 2283 1162 2334 fractus¹
1191 2284 1381 2335 fuerit
1409 2292 1532 2334 tam
1565 2282 1905 2350 periculosa
1936 2282 2289 2336 tentatione.
2376 2287 2485 2338 Fa·

179 2354 514 2422 tetur-“ergo
545 2349 611 2405 se'
634 2371 815 2406 manu
842 2351 1088 2402 Domini
1118 2352 1299 2403 fuisse
1331 2361 1761 2417 sustentatum,
1809 2361 1988 2421 atque
2025 2352 2146 2404 hoc
2184 2371 2305 2407 uno
2344 2371 2505 2406 con-¹

161 2434 378 2479 ,tentus
405 2433 526 2490 est,
564 2423 721 2493 quod
748 2420 1008 2492 interior
1035 2420 1292 2487 Spiritus
1325 2421 1516 2487 gratia
1546 2420 1618 2473 ad
1647 2420 2024 2474 sustinendos
2057 2438 2260 2474 omnes
2292 2423 2485 2476 insul-

177 2505 275 2548 tus
304 2493 432 2544 vice
462 2493 653 2561 clypei
680 2491 883 2545 fuerit.
967 2490 1149 2541 Addit
1183 2507 1422 2543 causam
1443 2509 1459 2542 e
1513 2493 1978 2558 ut‚praeconium
2009 2494 2483 2559 confirmaretur.

177 2566 370 2615 Vocat
410 2572 608 2629 autem
638 2558 1036 2613 Praeconium
1069 2577 1302 2626 munus
1323 2559 1673 2629 publicandi
1703 2559 1863 2620 inter
1888 2560 2114 2612 Gentes
2144 2562 2482 2631 Evangelii,

179 2632 340 2704 quod
385 2629 474 2682 'lu
517 2629 904 2698 peculiariter
943 2629 1286 2681 mandatum
1328 2639 1476 2680 erat.
1575 2628 1844 2680 Aliorum
1897 2630 2058 2681 enim
2101 2630 2485 2699 praedicatiO,
2558 2641 2561 2648 ‘

178 2701 324 2771 quia
370 2647 793 2752 {ontinebatur
830 2697 991 2750 inter
1026 2698 1311 2759 Iudaeos,
1361 2716 1480 2750 non
1525 2707 1650 2748 tam
1701 2697 1918 2749 similis
1961 2708 2095 2750 erat
2137 2702 2482 2765 praeconio·

176 2772 255 2823 Et
288 2771 403 2822 hoc
439 2770 681 2832 nominc
722 2767 942 2836 passim
982 2784 1103 2817 non
1143 2767 1269 2822 sine
1309 2783 1483 2820 causa
1525 2766 1732 2819 utitur.
1810 2767 1957 2819 Erat
1980 2777 2180 2830 autem
2210 2787 2331 2820 non
2361 2769 2484 2823 vul-

178 2840 349 2908 garis
376 2836 690 2891 ministerii
727 2839 850 2888 eius
880 2836 1284 2903 confirmatiO,
1327 2836 1504 2905 quod,
1546 2853 1728 2905 quum
1755 2844 1923 2886 totus
1953 2836 2212 2889 mundus
2246 2838 2482 2891 furiose

176 2910 239 2959 in
267 2926 402 2959 eum
423 2906 745 2971 insaniret,
779 2906 1037 2957 humana
1066 2922 1209 2987 vero
1240 2904 1760 2973 omnia<praesidia
1786 2904 1985 2971 ipsum
2017 2905 2358 2972 deficerent,
2395 2909 2481 2959 in·

177 2978 376 3029 victus
419 2985 618 3030 tamen
655 2982 927 3027 steterat.
1015 2976 1104 3025 Re
1141 2973 1268 3042 ipsa
1312 2975 1494 3027 enim'
1525 2974 1986 3041 comprobabat,
2025 2990 2197 3027 suum
2229 2979 2482 3046 Aposto-

174 3047 364 3110 latum
405 3063 529 3097 esse
566 3064 599 3097 a
640 3043 905 3094 Christo.
1002 3043 1251 3095 Modum
1305 3059 1538 3113 quoque
1588 3032 2065 3095 confirmationis
2116 3044 2315 3097 addit:
2367 3048 2481 3103 *ubi

178 3116 393 3167 Gentes
434 3116 760 3179 audierint,
809 3111 1133 3163 Dominum
1173 3111 1265 3162 illi
1307 3122 1432 3163 tam
1476 3119 1760 3179 potenter
1804 3111 2080 3164 adfuisse.
2156 3116 2308 3165 Nam
2339 3114 2481 3168 inde

176 3183 468 3251 colligere
497 3183 741 3248 licebat,
784 3181 1096 3234 aDomino
1124 3197 1364 3252 quoque
1393 3197 1521 3234 esse
1550 3180 1933 3233 vocationem
1961 3191 2089 3236 tam
2107 3181 2274 3235 Pauli
2305 3201 2480 3256 quam

176 3254 466 3323 ipsarum.
1169 3301 1172 3330 1

313 3352 398 3405 18.
473 3339 841 3417 Ereptussui
870 3370 935 3402 ex
967 3368 1081 3403 ore.
1167 3350 1354 3402 Multi
1386 3351 1496 3402 sub
1530 3350 1776 3402 nomine
1807 3350 2027 3403 Leonis
2060 3353 2362 3405 Neronem
2386 3352 2478 3403 in-

174 3421 482 3491 telligunt.
567 3422 694 3489 Ego
732 3421 933 3489 potius
973 3420 1086 3471 hac
1127 3419 1483 3488 loquutione
1526 3419 1892 3490 generaliter
1936 3420 2276 3488 periculum
2322 3422 2478 3474 desi·

174 3492 352 3561 gnari
385 3488 697 3555 existimo,
746 3507 816 3541 ac
845 3489 892 3541 si
923 3489 1188 3542 diceret:
1249 3506 1319 3539 ex
1353 3492 1657 3555 praesenti
1688 3488 2008 3553 incendio,
2053 3490 2252 3542 vel’ex
2285 3492 2478 3544 fauci-

171 3564 280 3622 bus
323 3558 553 3613 mortis.
639 3557 976 3627 Significat,
1025 3575 1147 3608 non
1174 3556 1302 3607 sine
1333 3557 1681 3610 admirabili*
1708 3559 1825 3609 Dei
1853 3559 2075 3610 auxilio
2101 3576 2165 3610 se
2200 3559 2477 3628 evasisse,

172 3629 459 3699 quoniam
499 3626 788 3679 eiusmodi
826 3636 952 3678 erat
991 3624 1358 3695 periculum,
1414 3642 1447 3678 a
1491 3644 1607 3695 quo
1649 3627 1853 3680 statim
1903 3627 2048 3681 alias
2091 3636 2333 3696 poterat
2377 3630 2476 3681 ab·

172 3697 426 3751 sorberi.
526 3697 695 3747 Idem
734 3712 970 3765 quoque
1009 3698 1088 3762 in„
1113 3705 1423 3761 posterum
1467 3703 1711 3763 sperare
1750 3714 1814 3747 se
1856 3696 2193 3763 praedicat,
2248 3714 2368 3748 non
2410 3708 2479 3751 ut

170 3777 434 3821 mortem
473 3766 751 3833 effugiat3
822 3764 1042 3828 sedne
1083 3764 1358 3817 vincatur
1402 3781 1435 3816 a
1474 3766 1724 3830 Satana,
1777 3773 1881 3817 aut
1926 3763 2194 3818 declinet
2234 3783 2266 3816 a
2307 3778 2474 3820 recto

172 3852 373 3889 cursu.
445 3835 533 3886 En
561 3834 701 3905 quid
733 3832 1115 3901 potissimum
1143 3845 1422 3900 expetere
1444 3833 1795 3896 debeamus,
1840 3850 1962 3885 non
2003 3843 2071 3888 ut
2108 3835 2351 3904 corpori
2393 3837 2476 3889 sit
2534 3853 2538 3859 ¹

173 3905 546 3969 consultum,
597 3915 803 3955 verum
835 3912 906 3953 ut
934 3902 1095 3954 omni
1121 3901 1461 3956 tentatione
1485 3911 1705 3955 stemus
1731 3902 2102 3968 superiores,
2148 3904 2474 3975 potiusque

170 3968 417 4026 centum
460 3981 683 4023 mortes
727 3981 1011 4040 oppetere
1052 3972 1230 4023 simus
1275 3971 1502 4039 parati,
1556 3986 1733 4039 quam
1778 3970 2099 4038 ullomalo
2140 3988 2324 4040 opere
2366 3991 2474 4028 nos

169 4042 444 4112 polluere
484 4040 545 4091 in
589 4050 854 4092 mentem
897 4038 1115 4102 veniat.
1201 4041 1556 4118 Quanquam
1587 4055 1709 4090 non
1741 4039 1999 4107 ignoro,
2036 4053 2171 4092 ‘esse
2209 4042 2312 4109 qui
2345 4060 2474 4111 pas·

168 4113 291 4163 sive
332 4109 638 4176 accipiant
675 4127 818 4174 opus
855 4111 1074 4159 malum
1115 4124 1223 4175 pro
1267 4108 1593 4176 impiorum
1635 4107 1955 4175 violentia,
2015 4123 2085 4178 ac
2125 4110 2176 4162 si
2218 4111 2473 4165 dixisset

166 4178 419 4234 Paulus:
471 4179 606 4229 Non
645 4178 909 4245 patietur
932 4178 1258 4243 Dominus,
1306 4177 1459 4229 mihi
1484 4173 1701 4244 impios
1733 4177 2127 4243 malefacere;
2180 4181 2282 4231 sed
2313 4181 2471 4232 alter

169 4266 373 4302 sensus
414 4247 586 4314 longe
629 4246 841 4298 melius
880 4246 1156 4313 quadrat,
1212 4246 1371 4315 quod
1417 4263 1553 4298 eum
1587 4247 1659 4298 ab
1698 4244 2132 4299 omni‘scelere
2157 4263 2376 4316 purum
2410 4260 2469 4302 et

166 4319 497 4370 immunem
530 4314 805 4367 servabit.
878 4317 1029 4366 Nam
1059 4324 1119 4366 et
1141 4315 1429 4366 continuo
1458 4322 1593 4383 post
1622 4313 1899 4368 subiicit:
1939 4317 2002 4367 in
2033 4334 2269 4381 regnum
2296 4319 2470 4369 ‘suum

168 4387 446 4451 eoeleste,
497 4401 613 4453 quo
642 4383 981 4451 significat,
1038 4399 1239 4435 veram
1267 4400 1391 4435 esse
1420 4383 1658 4437 demum
1680 4384 1846 4442 illam
1873 4386 2163 4450 salutem,
2198 4386 2303 4437 ubi
2335 4385 2470 4440 sive

165 4472 275 4525 per
320 4454 536 4522 vitam,
587 4451 708 4505 sive
747 4470 859 4521 per
898 4462 1192 4524 mortem,
1239 4452 1303 4505 in
1332 4467 1590 4521 regnum
1620 4468 1793 4507 suum
1818 4453 2108 4507 Dominus
2133 4470 2243 4505 nos
2275 4454 2462 4508 ducit.

1385 4665 1390 4687 Ι
1452 4676 1480 4696 ‚0
1512 4685 1517 4692 ,
