2820 4895
876 277 1014 343 an
1076 274 1438 383 ‘misum
1507 275 1665 343 cn.
1708 234 1761 343 i.
1854 280 1872 298 ⁸
2333 277 2463 346 sss

306 450 421 507 13..
484 446 900 501 Testimonium
950 446 1059 502 hoo
1111 441 1199 499 e'ss
1246 454 1460 499 verum.
1553 447 1868 516 Utcunque
1909 461 2091 499 vanus
2130 446 2205 501 sit
2247 443 2454 499 testis:

163 522 328 595 quod
356 528 560 572 tamen
585 532 731 570 vere
758 516 834 569 ab
863 530 935 568 eo
967 516 1195 569 dictum
1223 526 1346 583 est,
1397 516 1616 580 Paulus
1643 515 2051 584 amplectitur.
2135 516 2326 568 Porro
2349 515 2458 568 du-
2525 531 2533 551 ⁹

160 593 332 646 bium
370 606 491 640 non
530 594 656 652 est,
712 585 851 655 quin
886 584 1196 637 deterrimi
1237 585 1463 637 fuerint
1501 587 1845 652 Cretenses,
1897 600 2040 661 qpos
2080 592 2201 636 tam
2245 598 2456 653 aspere

161 668 405 716 tractat.
475 657 795 724 Nunquam
829 653 988 705 enim
1014 661 1139 706 tam
1164 654 1343 706 durus
1372 653 1584 706 fuisset
1610 653 1884 707 adversus
1914 669 2047 720 eos,
2095 652 2213 705 nisi
2239 667 2457 722 provo·

161 740 332 784 catus
373 723 644 781 maximis
686 722 913 789 causis,
969 720 1070 792 qui
1098 723 1424 775 clementer
1455 722 1683 792 alioqui
1714 723 1968 792 populos
2000 729 2266 775 extrema
2291 736 2459 773 seve·

111 832 120 835 -
159 800 343 852 ritate
393 795 600 865 dignos
650 801 852 844 taxare
906 792 1084 844 solet.
1173 791 1329 861 Quid
1365 791 1851 845 contumeliosius
1890 791 1984 844 his
2029 792 2270 860 probris
2304 787 2458 860 fingi

162 874 396 937 potest,
446 866 698 931 ignavos
738 877 896 926 esse,
948 860 1140 912 ventri
1184 860 1437 926 deditos,
1486 860 1709 914 nullius
1750 860 1926 927 fidei,
1974 860 2158 912 malas
2185 857 2455 912 bestias?

163 938 379 1005 Neque
422 930 526 985 uni
566 939 668 983 aut
712 930 888 982 alteri
929 929 1079 980 haec
1125 927 1273 980 vitia
1310 930 1790 997 exprobrantur,
1837 929 1936 981 sed
1975 930 2289 1007 damnatur
2320 934 2458 980 tota

161 1009 332 1075 gens.
415 998 779 1071 Admirabile
815 1014 957 1051 sane
983 997 1097 1049 Dei
1137 997 1461 1050 consilium
1484 1037 1502 1065 ,
1552 998 1715 1069 quod
1741 1006 1980 1068 gentem
2013 997 2160 1051 adeo
2189 1008 2457 1066 pravam,

164 1083 227 1126 et
258 1074 336 1126 ob
364 1070 507 1123 vitia
536 1066 985 1134 suainfamem,
1037 1066 1100 1118 in
1133 1066 1441 1137 Evangelii
1467 1067 1557 1120 sui
1584 1065 2116 1137 participationem
2144 1065 2306 1118 inter
2331 1065 2457 1134 pri-

161 1156 290 1195 mas
333 1139 600 1198 vocavit}
651 1137 754 1188 sed
796 1153 983 1204 aeque
1021 1135 1275 1187 mirifica
1319 1136 1592 1202 bonitas,
1644 1137 1802 1205 quod
1831 1135 2113 1204 indignes
2147 1133 2458 1186 communi

161 1213 285 1263 vita
317 1206 563 1262 coelesti
597 1204 790 1272 gratia
819 1204 1096 1285 dignatus
1126 1212 1234 1257 ast.
1306 1206 1379 1257 ln
1409 1206 1518 1257 illa
1551 1210 1692 1274 ergo
1719 1214 1843 1256 tam
1870 1213 2159 1271 corrupta
2189 1199 2458 1272 regiona,
2534 1244 2541 1249 .

161 1279 332 1350 quasi
363 1278 427 1329 in
464 1275 694 1341 mediis·
719 1273 969 1340 inferis,
1024 1274 1343 1327 stationem
1382 1274 1640 1343 aliquam
1681 1272 1893 1326 habuit
1920 1272 2139 1325 Christi
2169 1272 2457 1338 Ecclesia,-

159 1365 277 1401 nec
311 1344 635 1417 propagari
663 1342 870 1410 desiit,
922 1342 1163 1395 tametsi
1190 1344 1517 1407 malorum,
1563 1360 1714 1412 quae
1739 1341 1870 1394 illic
1896 1342 2260 1410 regnabant,
2314 1356 2457 1392 con-

159 1416 413 1484 tagione
450 1413 675 1465 infecta
708 1421 857 1464 erat.
925 1414 1132 1479 Neque
1168 1413 1330 1464 enim
1365 1412 1611 1464 alienos·
1641 1411 1837 1464 solum‘
1878 1411 1974 1463 bic
2011 1418 2175 1464 taxat
2220 1409 2457 1476 Paulus,
2508 1434 2517 1453 a

159 1487 265 1539 sed
294 1501 396 1536 eos
422 1480 806 1546 nominatim,
844 1481 945 1550 qui
978 1481 1218 1545 Christo
1248 1494 1467 1533 nomen
1491 1480 1800 1534 dederant.
1881 1479 2036 1549 Quia
2066 1489 2268 1531 autem
2297 1479 2457 1530 vide·⁴

156 1557 301 1620 bat,
338 1554 492 1605 haec
517 1559 642 1602 tarn
668 1549 841 1601 foeda
870 1550 1007 1602 vitia
1036 1550 1265 1617 pridem
1295 1550 1487 1618 egisse
1513 1549 1742 1602 radices
1760 1586 1778 1615 ,
1826 1556 1889 1605 et
1918 1548 2135 1616 passim
2160 1545 2452 1617 grassari:
2522 1586 2527 1591 ,

162 1634 234 1677 ut
262 1621 558 1676 sanabiles
585 1620 659 1671 ab
689 1618 834 1689 ipsis
864 1627 1067 1687 curet,
1106 1619 1293 1672 totius
1326 1619 1520 1688 gentis
1548 1620 1742 1670 famae
1770 1634 1896 1675 non
1922 1617 2138 1687 parcit.

342 1795 440 1856 13.
497 1786 958 1872 Quamobrem
998 1805 1203 1872 argue
1247 1806 1363 1852 eos
1404 1805 1673 1865 severe,
1729 1798 1804 1851 ut
1840 1790 1989 1852 sani
2025 1788 2162 1851 sint
2190 1785 2262 1848 in
2299 1779 2455 1862 fida,

164 1878 271 1943 14:
327 1877 567 1958 Neque
603 1873 958 1937 attendant
999 1871 1291 1936 Iudaicis
1334 1871 1620 1949 fabulis,
1671 1881 1757 1947 ,et
1795 1875 2177 1958 praeceptis
2219 1869 2457 1932 bomi-

158 1983 327 2026 num
371 1960 822 2027 aversantium
868 1958 1237 2020 veritatem.
1275 1970 1288 1981 “
1338 1957 1441 2025 15.
1505 1957 1756 2020 Omnia
1791 1956 2066 2041 quidem
2105 1974 2277 2041 pura
2316 1974 2458 2041 pu·-

157 2051 295 2127 ris;
351 2046 718 2128 inquinatis
762 2051 984 2105 autem
1025 2051 1093 2104 et
1129 2037 1508 2125 infidelibus
1538 2040 1706 2104 nihil
1729 2062 2017 2129 purum,
2072 2038 2195 2104 sed
2225 2041 2457 2123 inqui-
2524 2090 2527 2095 .

156 2143 361 2195 natae
391 2140 548 2194 sunt
581 2148 815 2192 eorum
849 2144 1039 2190 mens
1068 2129 1600 2203 etpconscientia.
1709 2130 1805 2190 16.
1863 2119 2455 2209 Deum,profiten-

155 2230 279 2280 tur
311 2235 390 2279 se
414 2233 649 2289 nosse,
692 2212 1015 2298 operibus
1047 2231 1208 2276 vero
1239 2223 1507 2295 negant,
1552 2231 1757 2293 quum
1787 2214 1924 2275 sint
1953 2207 2459 2285 abominabiles,

154 2302 686 2382 inobsequentes
706 2342 728 2374 ,
771 2307 839 2360 et
866 2294 950 2358 ad
979 2316 1177 2360 omne
1205 2315 1376 2382 opus
1403 2296 1531 2358 bon
1543 2315 1655 2357 um
1683 2297 1980 2382 reprobi.

307 2439 393 2497 13.
471 2439 851 2509 Quamobrem
881 2459 948 2491 ar
991 2449 1077 2491 ue.
1147 2438 1312 2491 Haec
1352 2453 1491 2505 pars
1531 2446 1623 2489 est
1659 2433 1783 2491 non
1822 2426 2124 2509 postrema
2165 2437 2289 2491 eius
2332 2435 2458 2488 cir·

159 2508 631 2579 cumspectionis
672 2518 735 2560 et
776 2509 927 2576 prud
968 2508 1159 2573 ntiae,
1252 2525 1326 2560 ua
1356 2506 1697 2575 praeditum
1729 2525 1852 2560 esse
1883 2509 2053 2563 decet
2081 2510 2458 2577 Episcopum,

157 2592 233 2637 ut
273 2581 509 2635 scilicet
552 2577 816 2630 docendi
845 2576 1141 2629 rationem
1180 2592 1212 2629 a
1297 2576 1612 2641 hominum
1652 2574 1903 2644 ingenia
1937 2594 2249 2646 moresque
2280 2575 2455 2627 infle-

157 2660 306 2707 ctat.
382 2649 590 2717 Neque
613 2647 769 2699 enim
802 2647 889 2698 sic
918 2663 1052 2698 cum
1080 2643 1374 2715 protervis
1405 2653 1466 2696 et
1491 2644 1802 2698 indomitis
1833 2648 2160 2715 agendum,
2213 2655 2281 2697 ut
2320 2658 2458 2696 cum

156 2718 489 2775 mansuetis
530 2724 599 2767 ac
640 2715 957 2767 docilibus.
1042 2717 1109 2766 In
1138 2715 1226 2766 his
1252 2713 1410 2765 enim
1444 2713 1720 2767 docendis
1748 2715 2075 2767 adhibenda
2107 2723 2196 2767 est
2219 2713 2477 2779 lenitas,
2556 2771 2560 2778 ‚

158 2804 319 2860 quae
357 2801 567 2839 ectum
604 2777 903 2842 docilita'ti
941 2783 1327 2851 respondean
1396 2781 1642 2835 illor'um
1682 2785 1979 2851 protervia
2023 2799 2226 2836 severe
2258 2781 2455 2834 *corri-

156 2858 354 2928 genda
396 2863 516 2919 est,
582 2852 860 2922 maloque
900 2853 1056 2903 nodo
1109 2855 1203 2919 (ut
1244 2851 1442 2913 aiunt)
1492 2852 1781 2919 aptandus
1823 2852 2168 2905 est'similis
2209 2867 2454 2904 cuneus·

155 2930 357 2979 Causa
385 2922 543 2975 enim
570 2930 850 2988 notatur,
901 2938 1010 2973 cur
1044 2921 1335 2972 acriorem
1367 2929 1429 2971 et
1458 2921 1646 2999 magis
1671 2919 1936 2989 rigidum
1963 2937 2088 2974 esse
2115 2920 2323 2976 Titum
2356 2936 2458 2972 ve-

153 2995 240 3049 lit
266 2993 331 3044 in
359 2987 485 3044 illis’
515 2990 860 3061 arguendis,
901 2988 1039 3058 quia
1067 2989 1186 3042 sint
1214 2990 1401 3041 malae
1428 2989 1666 3041 bestiae.
1819 2992 1893 3041 Ut
1920 2992 2056 3041 sani
2079 2991 2200 3041 sint
2230 2992 2295 3041 in
2309 2990 2460 3058 fide.

154 3067 477 3119 Incertum
531 3070 657 3126 est,
717 3058 977 3110 tacitene
1018 3057 1170 3111 hanc
1211 3056 1529 3110 sanitatem
1573 3068 1836 3125 opponat
1879 3057 2140 3124 morbis,
2200 3074 2456 3128 quorum

156 3132 474 3198 meminit,
509 3143 584 3180 an
615 3127 985 3196 simpliciter
1024 3127 1382 3195 praecipiat,
1436 3134 1500 3177 ut
1541 3125 1604 3176 in
1645 3143 1786 3179 sana
1824 3127 1942 3196 side
1975 3137 2287 3191 maneant3
2338 3127 2458 3178 hoc

154 3198 472 3272 posterius
501 3196 650 3249 mihi
677 3196 870 3267 magis
897 3194 1112 3262 placet.
1185 3198 1379 3266 Quum
1405 3209 1552 3262 ergo
1580 3194 1697 3247 iam
1729 3213 1835 3265 per
1862 3214 1922 3249 se
1953 3196 2084 3265 plus
2115 3212 2303 3266 aequo
2332 3196 2458 3248 sint

153 3267 406 3334 vitiosi,
444 3274 506 3320 at
536 3266 716 3318 facile
744 3266 930 3333 magis
961 3280 1031 3316 ac
1057 3266 1243 3334 magis
1272 3264 1706 3340 depraventur:
1757 3265 1886 3317 vult
1915 3281 2014 3317 eos
2041 3266 2305 3318 severius
2334 3279 2461 3316 ma-

154 3340 371 3410 gisque
396 3336 664 3405 praecise
692 3333 754 3385 in
782 3334 1013 3387 sincera
1041 3334 1158 3385 fide
1185 3332 1504 3386 contineri.
1582 3334 1797 3385 Postea
1825 3334 2116 3401 ostendit,
2155 3333 2453 3403 quomodo

154 3422 309 3461 sana
341 3413 580 3457 constet
620 3403 800 3470 fides,
852 3419 1070 3471 nempe
1095 3402 1211 3456 „hi
1249 3401 1429 3453 nullis
1470 3401 1685 3454 fabulis
1726 3406 2144 3472 corrumpitur.
2218 3402 2329 3455 Sed
2362 3418 2455 3453 ca·

155 3476 353 3538 vendo
401 3472 672 3554 periculo
709 3472 825 3524 hoe
863 3472 1193 3524 remedium
1239 3469 1629 3539 praescrihit,
1689 3487 1768 3522 ne
1806 3473 2071 3524 animum
2115 3471 2456 3542 advertant3
2554 3489 2559 3492 ’

154 3544 294 3598 vult
320 3559 481 3594 enim
511 3542 675 3594 Deus
697 3542 785 3592 ,ita
814 3556 919 3592 nos
948 3541 1128 3592 verbo
1156 3555 1260 3593 suo
1287 3538 1552 3592 intentos
1588 3555 1757 3606 esse,
1778 3551 1845 3593 ut
1876 3540 2218 3610 praeclusus
2247 3539 2324 3590 sit
2346 3552 2456 3591 nu·
2522 3603 2527 3604 ⁷

155 3612 256 3684 gis
286 3611 499 3664 aditus.
584 3610 668 3661 Et
690 3618 850 3661 certe
879 3607 983 3661 uhi
1014 3608 1198 3661 semel
1227 3607 1486 3660 obtinuit
1512 3608 1626 3660 Dei
1655 3608 1877 3661 veritas
1896 3647 1912 3676 ,
1959 3608 2283 3674 insipidum
2316 3607 2456 3674 erit,

156 3680 450 3751 quioquid
497 3687 703 3731 contra
746 3677 1069 3743 afferetur,
1123 3686 1193 3730 ut
1228 3679 2001 3730 mentes—nostrasminime
2027 3677 2099 3729 ad
2123 3694 2187 3728 se
2216 3692 2459 3730 cenver-

153 3757 276 3802 τοι.
347 3748 604 3800 Proinde
632 3747 680 3798 si
709 3747 980 3811 cupimus
1006 3746 1184 3800 fidem
1209 3745 1507 3815 integram
1537 3747 1836 3813 retinere,
1860 3757 1867 3772 ’
1888 3762 2088 3799 sensus
2115 3761 2322 3799 omnes
2353 3760 2460 3797 no-

155 3828 320 3872 stros
362 3815 622 3870 sollicite
659 3814 945 3868 cohibere
984 3815 1324 3880 discamus,
1385 3827 1479 3865 ne‘
1504 3815 1714 3867 alienis
1758 3814 2082 3867 commodis
2123 3828 2186 3867 se
2226 3815 2457 3869 dedant.

154 3887 313 3966 Nam
354 3886 608 3939 simulac
649 3883 950 3954 quispiam
989 3884 1211 3937 fabulis
1249 3884 1561 3937 attendere
1598 3884 1906 3954 coeperit,
1961 3883 2099 3937 fidei
2135 3881 2461 3953 puritatem

158 3963 419 4009 amittet.
717 3952 721 3968 '
761 3989 766 3992 ,
979 3959 984 3964 ’

251 4063 264 4070 -
302 4025 388 4076 14.
472 4022 713 4075 Fabulis
743 4020 1027 4073 Iudaicis.
1108 4021 1360 4077 Fabulas
1387 4020 1653 4090 appellat
1678 4020 1898 4074 frivola
1928 4022 2128 4075 omnia
2157 4037 2458 4076 commen·

157 4101 260 4157 ta,
308 4109 378 4145 ac
416 4091 464 4145 si
505 4090 635 4163 quis
674 4105 864 4158 nugas
892 4090 1103 4143 Latine
1131 4090 1382 4144 diceret.
1454 4091 1606 4142 Nam
1637 4091 2112 4159 quod‘continuo
2137 4101 2275 4161 post
2302 4091 2461 4144 addit

53 4173 58 4178 '
139 4162 232 4213 'de
261 4164 584 4227 praeceptis
611 4161 927 4223 bominum,
966 4159 1126 4213 idem
1154 4159 1475 4228 siguificat.
1548 4160 1625 4211 Et
1649 4161 1922 4211 veritatis
1946 4158 2146 4212 hostes
2178 4160 2459 4230 appellat,

160 4229 267 4298 qui
302 4246 451 4299 pura
466 4228 690 4282 Christi
717 4228 981 4280 doctrina
1006 4245 1126 4281 non
1147 4227 1425 4281 ‘contenti
1456 4244 1589 4296 suas
1617 4227 2237 4282 naenias·admiscent.
2310 4229 2460 4281 Nam

160 4314 275 4365 pro
317 4298 590 4351 fabuloso
633 4297 968 4351 ducendum
1010 4306 1132 4364 est,
1182 4296 1470 4368 quicquid
1506 4313 1577 4349 ex
1612 4313 1675 4348 se
1706 4296 2242 4350 comminiscuntur
2269 4297 2459 4349 homi·

158 4382 285 4420 nes.
368 4366 602 4420 Iudaeis
646 4364 972 4434 praecipue
1013 4364 1133 4424 hoc
1173 4365 1392 4419 vitium
1437 4366 1758 4432 adscribit,
1828 4366 1966 4436 quia
2006 4366 2241 4436 divinae
2285 4366 2462 4447 Legis

139 4434 948 4506 ·praetextu,superstitiosos
979 4434 1132 4492 ritus
1166 4434 1543 4506 ingerebant.
1633 4434 1901 4540 ventiles
1942 4434 2105 4488 enim
2130 4437 2457 4504 ,quumank
2522 4481 2537 4492 ,
