2820 4895
1515 114 1540 123 ῆ-

348 267 436 335 40.
724 368 733 377 ς
870 268 981 333 m
1051 260 1671 359 Epls'ronan
1739 266 2084 371 pantu.

353 437 510 489 Item
528 452 549 489 ι
569 422 725 506 ‘Ego
751 436 953 493 omnia
979 436 1204 506 impleo
1236 408 1475 505 (Ierem.
1511 437 1593 500 13,
1621 437 1784 506 13.).*
1811 455 2021 495 verum
2046 424 2295 509 expendi
2323 439 2502 492 debet
2529 438 2640 492 hu-

350 505 446 559 ius
473 504 595 559 loci
621 509 1099 561 circumstantia.
1171 508 1417 559 Tractat
1448 508 1604 559 enim
1621 498 1834 560 Paulus
1860 509 1929 560 de
1962 519 2165 561 mutua
2191 510 2452 562 fidelium
2481 508 2643 560 inter

352 590 417 627 ae
461 577 910 641 coniunctione,
964 592 1115 643 quae
1148 575 1315 627 'nihil
1356 593 1673 628 commune
1709 578 1891 628 habet
1928 578 2024 629 vel
2072 596 2208 630 cum
2247 573 2487 646 impiis,
2549 576 2646 635 vel

358 660 499 698 cum
523 645 718 697 brutis
752 646 1126 698 animalibus.
1214 645 1301 696 Ad
1335 661 1466 697 eam
1493 662 1635 714 ergo
1666 647 2046 714 restringitur
2074 649 2229 716 quod
2254 648 2407 698 dicit
2435 647 2508 697 de
2535 647 2647 697 im·

355 713 526 781 perio
565 724 625 765 et
666 715 997 783 praesentia
1037 713 1165 766 Dei.
1220 730 1333 781 qua
1372 714 1553 765 etiam
1591 716 1828 767 ratione
1866 732 2084 769 nomen
2124 717 2312 771 Patris
2354 714 2653 786 apposuit,

360 782 521 854 quod
552 784 791 841 nonnisi
820 783 1044 837 Christi
1076 783 1695 853 membris-competit.

527 936 588 998 7.
643 932 1033 1017 Unicuique
1061 944 1290 999 autem
1317 944 1627 999 nostrum
1658 934 1806 999 data
1840 931 2221 1022 estgratia,
2274 937 2653 1002 secundum

358 1037 745 1083 mensuram
800 1022 1184 1084 donationis
1228 1018 1507 1084 Christi.
1615 1025 1676 1086 8.
1745 1023 2113 1109 Propterea
2175 1024 2370 1085 dicit:
2444 1023 2654 1087 Post-

363 1124 563 1187 quam
595 1107 899 1170 ascendit
924 1109 996 1167 in
1024 1104 1268 1182 altum,
1306 1110 1636 1190 captivam
1669 1107 1868 1170 duxit
1895 1110 2384 1193 captivitatem,
2429 1119 2497 1170 et
2524 1108 2658 1171 de-·

361 1190 465 1253 dit
498 1190 673 1253 dona
706 1189 1091 1254 hominibus
1122 1191 1317 1273 (Psal.
1353 1205 1453 1267 68,
1491 1191 1635 1275 19.).
1735 1196 1795 1256 9.
1843 1191 2018 1256 Illud
2050 1204 2273 1256 autern
2303 1194 2653 1269 Ascendit,

361 1275 530 1358 quid
585 1287 722 1349 est,
780 1276 1171 1357 nisi‘quod
1205 1277 1404 1338 etiam
1447 1277 1896 1341 *descenderat
1934 1283 2123 1366 prius
2169 1280 2238 1339 in
2284 1277 2658 1343 inferiores
2705 1332 2712 1341 .

418 1371 592 1423 artes
631 1360 900 1425 terrae?
992 1365 1088 1423 10.
1141 1356 1280 1440 Qui
1311 1361 1683 1436 descendit,
1726 1364 1872 1448 ipse
1901 1375 2001 1425 est
2035 1365 2236 1426 etiam
2265 1364 2379 1445 qui
2409 1383 2659 1427 ascen-

360 1381 467 1508 {it
496 1465 702 1532 super
731 1465 969 1531 omnes
999 1443 1263 1521 coelos,
1308 1456 1384 1510 ut
1410 1445 1722 1533 impleret
1755 1451 2001 1511 omnia.
2055 1520 2064 1537 γ’

500 1579 559 1635 7.
632 1581 950 1650 Unicuique.
1008 1583 1196 1645 ,Nunc
1228 1583 1470 1636 modum
1500 1583 1818 1649 describit,
1857 1599 1971 1652 quo
2002 1583 2160 1634 Deus
2188 1580 2446 1649 mutuam
2488 1582 2660 1637 inter

362 1666 473 1703 nos
510 1651 988 1703 coniunctionem
1024 1660 1234 1703 tuetur
1273 1669 1341 1704 ac
1384 1654 1635 1705 retinet:
1699 1669 1914 1718 nempe
1957 1653 2094 1704 dum
2135 1656 2427 1705 neminem
2476 1653 2663 1706 donat

365 1729 535 1773 tanta
563 1720 929 1789 perfectione
959 1729 1023 1773 ut
1053 1721 1165 1772 sibi
1196 1721 1488 1786 sufficiat,
1538 1722 1664 1791 ipse
1695 1721 1974 1791 privatim
2002 1736 2074 1773 ac
2103 1737 2366 1773 seorsum
2397 1723 2465 1772 ab
2497 1721 2659 1790 aliis,
2746 1719 2758 1726 ’

370 1796 573 1849 ant'se
615 1788 741 1856 ipso
785 1790 860 1840 sit
904 1800 1249 1842 contentusz
1294 1793 1390 1842 sed
1424 1800 1662 1844 certum
1684 1790 1923 1843 modum
1954 1789 2200 1855 singulis
2225 1787 2493 1857 imp'ertit
2514 1827 2530 1856 ,
2565 1800 2664 1861 ut,

208 1884 217 1887 ,
302 1902 308 1906 .
370 1858 609 1909 nonnisi
653 1858 815 1910 inter
855 1875 917 1909 se
967 1858 1495 1923 communicanda,
1546 1861 1802 1912 habeant
1831 1869 2115 1928 quantum
2147 1859 2289 1911 satis
2322 1867 2410 1910 est
2437 1859 2509 1910 ad
2539 1869 2663 1911 sta—

367 1934 462 1978 tus
504 1927 589 1978 sui
610 1926 1166 1980 conservationem.
1238 1930 1329 1979 De
1358 1931 1642 1980 varietate
1670 1932 1955 1982 donorum
1986 1925 2250 1996 disputat
2281 1930 2462 1980 etiam
2493 1929 2664 1996 prio-

304 1996 333 2048 .’
366 1995 450 2047 ris
478 1998 548 2047 ad
579 1991 913 2047 Corinthios
945 1996 1140 2064 capite
1170 1998 1254 2061 12,
1279 1997 1368 2063 4„
1416 1997 1478 2048 in
1520 1998 1766 2050 eundem
1803 1997 2233 2068 propemodum
2267 1997 2464 2050 finem.
2516 2013 2663 2050 nam

366 2062 505 2115 :illic
532 2065 734 2129 docet,
769 2070 1003 2117 tantum
1037 2066 1235 2116 abesse
1268 2075 1334 2118 ut
1365 2066 1500 2117 talis
1525 2068 1827 2119 diversitas
1869 2065 2223 2118 concordiae
2260 2067 2665 2118 noceatfide-

368 2131 525 2185 lium
544 2171 560 2198 ,
615 2142 680 2185 ut
706 2135 897 2201 magis
925 2136 994 2186 ad
1020 2150 1149 2219 equ
1177 2135 1498 2187 fovendam
1532 2145 1591 2186 et
1627 2126 2093 2189 confirmandam
2121 2135 2336 2189 valeat.
2420 2135 2664 2188 Summa

368 2199 560 2270 igitur
587 2202 915 2270 praesentis
946 2202 1068 2254 loci
1107 2214 1225 2267 est,
1277 2205 1433 2272 quod
1464 2205 1626 2257 Deus
1653 2206 1715 2256 in
1741 2206 2039 2256 neminem
2069 2205 2263 2255 omnia
2293 2203 2667 2258 contuleritt

370 2272 476 2323 aed
508 2271 754 2340 quisquc
796 2281 1022 2324 certam
1061 2274 1262 2340 potius
1305 2282 1641 2326 mensuram
1681 2272 2013 2343 receperit,
2070 2281 2137 2325 ut
2176 2272 2284 2323 elii
2327 2271 2459 2323 aliis
2497 2273 2667 2323 indi-

372 2351 553 2410 geant
581 2348 642 2390 et
668 2340 730 2389 in
762 2356 1077 2397 commune
1111 2342 1500 2407 conferendo,
1542 2343 1699 2411 quod
1721 2342 1971 2412 'singulis
1996 2340 2194 2392 datum
2224 2350 2336 2408 est,
2372 2340 2474 2392 alii
2506 2341 2663 2396 alios

264 2432 275 2437 ⁸
371 2418 580 2461 mutuo
626 2407 853 2463 iuvent.
904 2464 911 2471 ,
948 2408 1205 2462 Nomine
1250 2410 1487 2464 Gratiae
1529 2422 1588 2464 et
1626 2412 1970 2465 Donationis
2006 2409 2311 2475 admonet,
2369 2426 2497 2463 non⁴
2525 2420 2666 2466 ‘csse
2739 2418 2740 2421 ’

372 2476 874 2546 superbiendum,
913 2479 1382 2550 quantiscunque
1414 2482 1637 2534 dotibus
1668 2483 2024 2548 polleamus*
2079 2480 2557 2548 quandoquidem
2585 2497 2663 2531 eo

306 2569 311 2574 ’
370 2546 565 2613 magis
609 2547 883 2598 obstricti
930 2564 1126 2600 sumus
1153 2550 1321 2604 Deci
1379 2550 1562 2602 Porro
1597 2551 1902 2604 Christum
1939 2547 2085 2600 facit
2127 2558 2431 2599 auctorem
2448 2577 2471 2612 ,·
2518 2547 2667 2616 quia

373 2613 595 2667 sicut'a
628 2616 803 2668 Patre
836 2617 983 2668 fecit
1012 2616 1289 2671 initium:
1347 2617 1432 2669 ita
1475 2620 1535 2670 in
1573 2621 1768 2688 ipsum·
1803 2619 1932 2672 vult
1967 2631 2076 2670 nos
2117 2625 2179 2668 et
2215 2627 2419 2669 nostra
2457 2618 2666 2671 omnia

378 2682 709 2752 colligere,
750 2685 1247 2753 quemadmodum
1277 2686 1632 2740 videbimus.
2515 2699 2524 2706 ’

514 2769 567 2821 8.
638 2766 954 2835 Propterea
981 2770 1128 2821 dicit.
1214 2771 1365 2841 Quia
1392 2770 1674 2822 nonnihil
1704 2784 1737 2822 a
1762 2767 2018 2839 genuino
2044 2786 2217 2830 sensu
2245 2770 2360 2822 hoc
2394 2769 2672 2823 testimo-

372 2836 541 2892 nium
581 2836 827 2889 detorsit
858 2838 1106 2903 Paulus,
1154 2848 1223 2892 ut
1267 2840 1574 2909 proposito
1615 2857 1718 2892 suo
1759 2841 2263 2894 accommodaret:
2312 2838 2482 2905 impii
2523 2847 2671 2894 euin

376 2907 806 2972 criminantur,
846 2907 1011 2976 quasi
1043 2907 1353 2977 Scriptura
1379 2910 1590 2961 abusus
1619 2907 1818 2960 fuerit.
1892 2908 2235 3028 quinetiam
2261 2908 2491 2972 Iudaei,
2541 2921 2669 2977 quo

421 2976 512 3028 lus
542 2976 802 3028 habeant
831 2975 1047 3027 co'loris
1081 2978 1150 3028 ad
1181 2978 1679 3042 maledicendum,
1715 2985 1929 3029 natura
1959 2994 2050 3028 em
2075 2975 2268 3044 ipsum
2300 2993 2532 3038 sensum
2567 2994 2673 3030 cae

404 3046 667 3098 umniose
712 3044 1069 3111 depravant,
1123 3045 1279 3116 quod
1315 3045 1384 3099 de
1409 3047 1540 3099 Deo
1581 3045 1986 3114 praedicatur,
2034 3047 2108 3097 ad
2132 3045 2420 3097 Davidem
2459 3045 2553 3096 vel
2590 3047 2676 3106 acl

376 3113 672 3183 populum
717 3113 1152 3169 transferendo.
1248 3114 1477 3181 David,
1540 3115 1850 3186 inquiunt,
1911 3114 2004 3166 vel
2046 3109 2331 3182 populus,
2377 3114 2444 3182 in)
2474 3114 2674 3171 altum
2723 3150 2738 3156 -

376 3182 676 3244 ascendit,
736 3197 948 3252 quum,
999 3191 1087 3234 tot
1130 3182 1400 3234 victoriis
1451 3181 1667 3249 elatus,
1717 3177 1907 3234 tactui
1943 3192 2029 3235 est
2057 3183 2314 3234 hostibus
2343 3181 2460 3234 suis
2491 3198 2674 3252 supe-

375 3251 526 3304 rior.
615 3251 794 3318 Atqui
833 3243 1010 3319 siquis
1040 3259 1236 3304 totum
1265 3251 1480 3303 Psalmi
1509 3263 1847 3305 contextum
1865 3251 2202 3324 sexpendat,
2254 3254 2518 3320 reperiet
2547 3251 2673 3304 soli

378 3321 511 3374 Deo
541 3318 788 3387 proprie
816 3318 932 3370 hoc
959 3319 1167 3372 tribui.
1206 3329 1362 3371 totus
1393 3320 1658 3374 psalmus
1690 3321 1853 3390 quasi
1886 3320 2175 3391 epinicion
2206 3329 2325 3384 est,
2365 3319 2523 3389 quod
2546 3321 2677 3372 Da·

375 3387 479 3442 vid
509 3387 582 3440 ob
615 3385 894 3438 victorias
920 3387 1035 3439 sibi
1067 3405 1374 3440 concessas
1408 3391 1572 3441 canit
1598 3392 1763 3443 Deo:
1814 3405 2020 3442 verum
2050 3405 2121 3440 ex
2150 3389 2320 3440 rebus
2343 3427 2356 3452 ,
2411 3404 2514 3457 per
2541 3405 2675 3442 ma-

375 3472 521 3509 num
549 3471 712 3507 suam
741 3457 938 3522 gestis,
970 3455 1283 3508 occasione
1314 3469 1570 3527 sumpta,
1608 3474 1757 3529 quae
1776 3459 1935 3510 Deus
1966 3457 2108 3508 alias
2132 3457 2442 3526 magnifice
2476 3457 2676 3508 edide-

375 3535 475 3579 rat
499 3541 608 3592 pro
639 3523 829 3576 salute
858 3525 1066 3593 populi
1094 3526 1217 3592 sui,
1267 3526 1464 3579 obiter
1492 3536 1937 3579 commemorat.
2022 3525 2246 3593 Scopus
2276 3536 2359 3577 est
2380 3564 2393 3590 ,
2439 3534 2505 3576 ut
2538 3523 2675 3597 glo'-

376 3594 604 3646 riosam
643 3592 757 3644 Dei
798 3594 1122 3659 potentiam
1162 3606 1220 3645 et
1254 3595 1591 3650 bonitatem
1626 3597 1688 3647 in
1732 3595 1987 3649 Ecclesia
2026 3596 2401 3663 spectandam
2447 3610 2677 3661 propo-

380 3672 505 3715 nat.
554 3663 715 3728 inter
755 3662 873 3714 alia
914 3661 1091 3714 dicit:
1148 3663 1472 3715 Ascendisti
1498 3665 1563 3715 in
1594 3665 1799 3716 altum.
1874 3662 2213 3715 Caroenim
2243 3664 2433 3714 Deum
2471 3662 2679 3730 iacere

296 3747 313 3754 ⁶
381 3730 733 3785 etdormire
764 3739 963 3798 putat,
1001 3732 1113 3784 nisi
1147 3749 1324 3800 quum
1355 3733 1551 3800 palam
1581 3733 1819 3786 exercet
1843 3749 1948 3785 sua
1973 3732 2214 3782 iudicia.
2259 3731 2456 3799 itaque
2482 3731 2679 3783 homi-

378 3816 526 3852 num
570 3798 832 3864 iudicio,
880 3817 1062 3869 quum
1102 3817 1379 3869 oppressa
1421 3812 1526 3853 est·
1554 3801 1859 3867 Ecclesia,
1912 3802 2088 3852 Deus.
2115 3800 2544 3868 quodammodo
2582 3805 2706 3853 est²

280 3885 285 3890 ·
348 3869 361 3898 Γ
377 3866 753 3922 humiliatus.
805 3864 904 3920 ubi
941 3879 1141 3921 autem
1180 3869 1314 3922 eius
1354 3871 1706 3921 liberandae
1737 3885 1910 3922 causa
1936 3883 2173 3924 manum
2202 3869 2477 3919 ultricem
2509 3885 2681 3921 exse-

378 3938 465 3990 rit
485 3974 502 4002 ,
542 3936 783 3989 videtur
813 3952 874 3988 se
906 3936 1155 4008 erigere,
1197 3949 1256 3990 et
1283 3956 1455 3991 suum
1482 3939 1748 3991 tribunal
1782 3938 2188 3992 conscendere.
2261 3937 2557 4003 Loquutio
2586 3947 2683 3989 est

360 4005 519 4062 ,batis
563 4006 845 4074 frequens
870 4017 947 4059 et
982 4016 1155 4062 notan
1207 4007 1460 4077 denique
1499 4008 1773 4061 liberatio
1803 4006 2104 4064 Ecclesiae
2139 4005 2241 4057 hic
2276 4015 2521 4056 vocatur
2556 4006 2682 4058 Dei

381 4074 689 4128 exaltatio.
776 4075 989 4128 Paulus
1022 4079 1163 4128 vero‘
1193 4093 1374 4145 quum
1403 4076 1624 4127 videret
1652 4092 1686 4127 a
1714 4077 1945 4129 Davide
1977 4073 2273 4127 celebrari
2302 4065 2685 4140 triumphum

379 4144 455 4196 de
488 4144 758 4196 omnibus
785 4144 902 4195 Dei
931 4144 1237 4212 victoriis,
1285 4161 1668 4214 quascunque
1696 4146 1757 4196 in
1791 4145 2096 4198 Ecclesiae
2125 4160 2260 4194 suae
2290 4141 2537 4193 salutem
2577 4160 2686 4193 re-

379 4213 636 4278 tulerat,
693 4214 917 4264 merito
958 4212 1118 4276 hunc
1164 4227 1394 4265 versum
1431 4215 1503 4263 de
1549 4214 1886 4267 ascensione
1921 4213 2035 4264 Dei
2082 4210 2552 4263 accommodavit
2607 4211 2687 4263 ad

379 4281 608 4333 Christi
642 4279 997 4349 personam?
1064 4279 1178 4330 Hic
1206 4283 1360 4333 enim
1385 4283 1735 4351 praecipuus
1765 4289 1854 4334 est
1880 4282 2219 4349 triumphus
2240 4318 2256 4345 ,
2310 4296 2483 4348 quem
2513 4279 2684 4336 Deus

379 4365 642 4418 unquam
676 4350 830 4427 egit,
880 4351 1061 4418 quum
1091 4349 1395 4416 Christus,
1441 4350 1678 4416 devicto
1710 4360 1959 4419 peccato
1981 4388 1997 4417 ,
2048 4353 2287 4403 subacta
2311 4358 2533 4413 morte,
2578 4351 2687 4400 Sa·

355 4423 520 4472 'tana
563 4415 930 4489 profligato,
981 4416 1045 4468 in
1074 4416 1313 4472 coelum
1337 4418 1652 4492 magnifice
1680 4421 1945 4476 sublatus
1976 4428 2097 4488 est,
2147 4427 2214 4472 ut
2255 4417 2522 4489 glorioso
2568 4417 2689 4472 im?-
