2820 4895
350 270 479 335 542
901 269 1012 334 IN
1077 264 1701 334 EPISTOLAE
1759 264 2091 333 PAULI

356 439 430 490 ad
460 400 750 505 pietaten(
773 453 1080 508 nunquam
1110 437 1375 491 animum
1403 435 1705 503 adiicere,
1756 434 1870 487 nisi
1912 436 1983 486 de
2030 450 2136 505 spo
2172 434 2454 488 coelestis
2495 434 2671 487 vitae

360 508 626 559 edoctos.
813 554 818 563 ¹

351 564 366 574 ”
500 575 551 626 2.
627 573 813 641 Quam
839 575 1109 640 promisit
1145 575 1325 628 Deus.
1396 572 1695 645 Quoniam
1725 566 2090 641 Augustinus
2123 581 2361 625 aeterna
2390 586 2506 640 pro
2536 589 2674 623 sae-

363 641 671 696 cularibus
721 653 993 710 tempora
1043 642 1143 694 hic
1190 642 1459 709 legebat,
1519 643 1772 694 multum
1820 659 1883 693 se
1922 651 2166 711 torquet
2207 641 2272 691 in
2320 650 2676 708 temporum

364 713 757 775 aeternitate,
802 711 918 762 nisi
967 711 1117 781 quod
1157 721 1398 762 aeterna
1441 706 1677 762 tandem
1717 710 1991 780 exponit,
2045 725 2196 778 quae
2229 725 2469 760 omnem
2504 710 2676 759 anti·

330 780 657 849 ,quitatem
686 787 986 846 superant.
1061 781 1129 830 In
1173 795 1346 831 sensu
1388 796 1527 829 vero
1569 779 1696 846 ipse
1739 790 1798 829 et
1825 779 2224 844 Hieronymus
2265 785 2325 828 et
2366 775 2472 826 alii
2517 795 2673 837 cop·

366 850 657 911 sentiunt,
703 849 862 916 quod
885 850 1045 899 Deus
1082 857 1220 899 ante
1261 847 1468 900 mundi
1507 849 1871 899 creationem
1899 846 2175 898 statuerit
2200 846 2462 897 salutem
2500 847 2674 908 dare,

368 933 544 985 quam
582 935 737 968 nunc
778 933 884 982 per
921 916 1312 983 Evangelium
1355 915 1780 970 manifestavit.
1881 914 1975 965 It‘a
2014 913 2415 965 Promittendi
2475 916 2673 964 verbo

367 976 581 1036 abusus
622 992 774 1035 esset
813 985 1026 1034 Paulus
1073 1001 1180 1049 pro
1226 985 1600 1047 Decernere,
1658 966 1952 1051 siquidem
1991 992 2127 1034 ante
2167 981 2446 1034 homines
2486 993 2672 1032 natos

352 1058 543 1105 ‘nemo
575 1062 736 1114 erat,
779 1056 879 1103 cui
907 1052 1306 1118 promitteret.
1373 1053 1502 1117 Ego
1532 1052 1711 1103 sicuti
1741 1068 1859 1100 non
1890 1049 2107 1102 reiicio
2137 1050 2293 1101 hanc
2327 1050 2674 1118 expositio-

365 1137 538 1185 nem,
573 1121 659 1170 ita
684 1121 823 1170 dnm
853 1119 1052 1171 omnia
1086 1120 1327 1186 propius
1355 1122 1624 1190 expendo
1645 1157 1661 1186 ,
1713 1118 1895 1169 aliter
1928 1119 2151 1171 sentire
2179 1134 2393 1186 cogor,
2442 1134 2672 1184 nempe

369 1191 528 1258 quod
553 1204 587 1238 a
614 1189 814 1240 multis
842 1194 1015 1241 retro'
1038 1188 1290 1238 saeculis
1323 1189 1446 1239 vita
1476 1200 1717 1240 aeterna
1742 1187 2078 1238 hominibus
2113 1188 2409 1255 promissa
2446 1187 2669 1251 fuerit,

367 1274 566 1325 neque
605 1256 680 1308 iis
723 1257 936 1322 modo,
985 1258 1085 1324 qui
1126 1267 1271 1307 tunc
1313 1256 1622 1323 vivebant,
1672 1257 1774 1309 sed
1817 1256 1881 1306 in
1922 1267 2130 1307 nostra
2171 1273 2411 1324 quoque
2450 1265 2675 1308 aetate.

363 1327 576 1393 Neque
605 1326 762 1376 enim
789 1325 901 1376 soli
931 1326 1192 1376 Abrahae
1224 1326 1483 1378 consulit
1506 1327 1705 1392 Deus,
1756 1341 1939 1393 quum
1969 1325 2143 1377 dicits
2192 1327 2264 1375 In
2290 1323 2528 1377 semine
2559 1334 2670 1375 tuo

365 1392 802 1445 benedicentur
828 1410 1033 1444 omnes
1061 1395 1282 1444 Gentes
1320 1394 1559 1456 (Genes.
1582 1395 1670 1457 22,
1700 1393 1844 1460 18.),
1899 1394 1999 1447 sed
2029 1401 2298 1461 posteros
2334 1409 2546 1444 omnes
2576 1410 2683 1451 re«,-

277 1474 306 1495 Χ
365 1462 566 1529 spicit.
614 1462 738 1513 Nec
772 1462 990 1527 obstat,
1029 1461 1184 1530 quod
1214 1463 1503 1514 secundae
1533 1465 1604 1515 ad
1619 1462 1888 1514 Timoth.
1911 1463 2081 1530 epist.
2110 1461 2306 1531 primo
2335 1462 2534 1530 capite
2569 1463 2674 1514 da·

365 1540 491 1582 tam
517 1529 703 1580 fuisse
734 1531 985 1581 salutem
1013 1530 1164 1581 dicit
1192 1540 1327 1582 ante
1355 1541 1627 1598 tempora
1654 1531 1976 1582 saecularia
2002 1528 2237 1583 diverso
2272 1547 2468 1583 sensu.
2554 1532 2675 1582 Ea·

334 1599 501 1651 ·dem
553 1599 705 1649 enim
760 1599 1150 1650 nihilominus
1203 1609 1290 1650 est
1339 1601 1507 1651 verbi
1547 1599 1910 1668 significatio
1956 1608 2212 1668 utroque
2249 1598 2409 1651 loco.
2503 1601 2672 1650 Nam

366 1676 553 1737 quum
593 1663 734 1718 αἰών
760 1669 1009 1719 Graecis
1055 1667 1338 1719 continua
1376 1667 1458 1720 sit
1494 1669 1786 1736 temporis
1829 1667 2014 1722 series
2044 1669 2120 1719 ab
2152 1667 2334 1721 initio
2368 1666 2443 1719 ad
2471 1667 2670 1719 finem

346 1753 554 1804 ‚usque
595 1738 796 1787 mundi
819 1775 833 1801 ‚
884 1735 1021 1786 illic
1051 1736 1263 1787 Paulus
1306 1738 1506 1789 datam
1543 1739 1637 1789 vel
1677 1737 2008 1788 ordinatam
2041 1738 2225 1788 fuisse
2255 1737 2669 1788 salutemssele-

369 1807 480 1855 ctis
512 1805 626 1854 Dei
658 1805 871 1871 tradit,
913 1815 1232 1874 antequam
1260 1805 1454 1858 fluere
1481 1806 1793 1874 coeperint
1819 1817 2108 1872 tempora.
2178 1806 2293 1856 Hic
2335 1823 2474 1857 vero
2517 1807 2671 1873 quia

366 1873 438 1931 de
478 1874 858 1941 promissione
899 1882 1149 1938 tractat,
1210 1891 1330 1924 non
1378 1875 1579 1927 omnia
1616 1877 1850 1926 saecula
1896 1873 2386 1941 comprehendit,
2438 1882 2506 1926 ut
2553 1878 2671 1925 n'os

364 1942 627 1994 abducat
664 1953 826 1993 extra
867 1943 1069 1994 mundi
1113 1945 1506 2006 creationem;
1575 1943 1675 1994 sed
1712 1944 1922 2010 docet,
1983 1944 2174 1994 multa
2212 1942 2447 1994 saecula
2486 1959 2667 2009 prae-

364 2011 635 2130 }eriisse,
690 2028 759 2062 ex
800 2028 911 2080 quo
952 2011 1107 2063 salus
1149 2011 1268 2062 fuit
1311 2013 1615 2079 promissa.
1687 2012 1746 2067 Si
1770 2013 1904 2081 quis
1933 2011 2173 2065 brevius
2206 2013 2406 2077 malit,
2449 2011 2667 2060 Saecu—

400 2081 528 2129 aria
569 2094 823 2144 tempora
864 2096 972 2147 pro
1012 2081 1265 2133 saeculis
1305 2081 1451 2146 ipsis
1494 2081 1768 2148 accipere
1808 2082 1972 2134 licet.
2046 2081 2158 2131 Sed
2187 2080 2467 2148 quoniam
2495 2080 2663 2146 prius

369 2157 610 2200 aeterna
623 2150 737 2199 Dei
766 2149 1058 2200 electione
1086 2148 1222 2200 data
1251 2149 1370 2200 fuit
1392 2150 1545 2201 salus
1572 2166 1749 2218 quam
1777 2151 2098 2215 promissa:
2135 2148 2266 2200 ideo
2294 2149 2359 2199 in
2385 2146 2660 2201 lo'co-illo

347 2218 653 2283 ,epistolae
678 2217 749 2267 ad
783 2217 1159 2268 Timotheum
1188 2218 1353 2284 prior
1382 2220 1657 2271 omnibus
1689 2219 1936 2269 saeculis
1962 2219 2201 2285 donatio
2233 2216 2548 2279 statuitur,
2603 2226 2666 2268 et

369 2284 455 2336 ita
495 2286 893 2337 subaudienda
926 2296 1014 2337 est
1046 2297 1188 2338 nota
1225 2287 1590 2342 universalis.
1673 2286 1789 2338 Hic
1820 2304 1957 2338 vero
1986 2286 2142 2337 nihil
2166 2286 2328 2338 aliud
2357 2285 2664 2352 significat

369 2371 556 2421 quam-
576 2354 1032 2424 promissionem
1058 2356 1240 2423 longo
1269 2356 1645 2409 saeculorum
1673 2357 1873 2407 ordine
1904 2354 2307 2422 antiquiorem
2334 2371 2480 2418 esse,
2519 2355 2663 2423 quia

369 2423 573 2475 statim
621 2441 653 2475 a
694 2424 935 2475 condito
979 2426 1193 2477 mundo
1235 2425 1447 2492 coepit.
1516 2426 1741 2478 Eodem
1782 2442 1958 2479 sensu
1998 2424 2067 2476 ad
2097 2424 2267 2492 Rom.
2298 2425 2499 2504 capite
2524 2426 2578 2488 1,
2602 2425 2677 2476 2.

367 2492 779 2561 Evangelium,
819 2493 974 2561 quod
1002 2496 1284 2546 suscitato
1310 2495 1546 2547 demum
1574 2512 1643 2546 ex
1671 2495 1926 2546 mortuis
1958 2492 2192 2545 Christo
2230 2492 2527 2565 publicari
2559 2492 2660 2542 de-

364 2561 533 2627 buit,
581 2562 936 2628 promissum
972 2561 1033 2611 in
1075 2562 1397 2629 Sd'ripturis
1443 2580 1550 2630 per
1593 2564 1922 2633 Prophetas
1963 2563 2144 2613 fuis'se
2189 2564 2383 2615 docet.
2468 2561 2687 2618 Pluris

366 2647 531 2681 mum
560 2632 715 2682 enim
742 2649 775 2683 a
802 2634 1103 2701 praesenti
1132 2632 1355 2699 gratiae
1388 2631 1758 2692 exhibitione
1790 2632 1993 2682 differt
2020 2630 2290 2681 Patribus
2318 2631 2480 2684 facta
2514 2630 2659 2681 olim

354 2695 707 2766 fpromissio.
863 2699 978 2767 Qui
1009 2702 1241 2751 mentiri
1270 2718 1384 2750 non
1412 2715 1619 2765 potest.
1707 2701 2051 2768 Epithetum
2093 2694 2339 2765 ἀψευδής
2378 2716 2502 2758 non
2538 2708 2661 2755 tam

370 2770 636 2819 ornando
674 2771 836 2835 De0,
904 2785 1080 2837 quam
1126 2770 1268 2821 fidei
1307 2780 1546 2822 nostrae
1587 2770 2026 2822 confirmandae
2066 2768 2332 2819 additum
2374 2778 2483 2820 est.
2588 2769 2660 2819 Et

301 2883 306 2892 ‚
371 2847 533 2888 certe
563 2839 793 2905 quoties
818 2838 889 2888 de
919 2840 1109 2890 salute
1133 2848 1335 2890 nostra
1365 2839 1594 2907 agitur,
1651 2840 1822 2890 nobis
1848 2838 1911 2888 in
1939 2843 2202 2889 mentem
2231 2836 2659 2900 veniredehet,

376 2906 505 2956 eius
545 2907 724 2958 verbo
766 2908 1071 2959 fundatam
1110 2923 1272 2973 esse,
1321 2910 1424 2987 qui
1459 2925 1568 2968 nec
1596 2908 1805 2959 fallere
1835 2916 2033 2972 potest
2063 2922 2174 2959 nec
2206 2905 2491 2971 mentiri,
2536 2905 2656 2955 imo

370 2974 521 3052 haec
568 2976 744 3027 unica
803 2984 890 3027 est
938 2976 1121 3028 totius
1175 2975 1490 3045 religionis
1557 2976 1959 3044 comprobatio
1991 3011 2008 3040 ‚
2095 2974 2491 3027 immutabilis
2541 2974 2661 3025 Dei

309 3069 310 3073 =
374 3051 609 3094 ventas.
1757 3079 1764 3085 «

508 3110 562 3162 3.
638 3111 1053 3178 Manifestavit
1089 3125 1300 3164 autem.
1374 3114 1522 3165 Erat
1563 3112 1796 3182 quidem
1830 3111 1952 3164 iam
1987 3110 2143 3165 haec
2186 3111 2385 3181 aliqua
2422 3110 2666 3163 manife-

368 3180 585 3245 statio,
635 3195 818 3249 quum
855 3181 1002 3233 olim
1029 3183 1191 3234 Deus
1230 3198 1340 3248 per
1366 3182 1696 3249 Prophetas
1734 3200 1872 3235 suos
1898 3182 2180 3251 loquutus
2207 3191 2328 3243 est3
2383 3180 2484 3231 sed
2526 3179 2665 3248 quia

369 3248 569 3316 palam
611 3251 866 3301 adventu
907 3267 1011 3302 suo
1058 3250 1329 3302 exhibuit
1370 3252 1674 3316 Christus,
1736 3268 1886 3319 quae
1925 3250 2021 3301 illi
2068 3251 2316 3301 obscure
2358 3249 2662 3316 praedixe-

366 3327 532 3381 rant,
590 3318 803 3368 deinde
845 3319 1066 3370 Gentes
1104 3319 1168 3368 in
1214 3319 1471 3372 foederis
1513 3321 1863 3380 societatem
1903 3317 2167 3371 adscitae
2208 3318 2486 3370 fuerunt:
2547 3316 2664 3369 hoc

368 3401 546 3438 sensu
583 3403 740 3437 nunc
778 3387 1161 3460 manifestum
1208 3404 1333 3439 esse
1371 3389 1514 3440 dicit
1545 3387 1762 3441 Paulus
1787 3426 1803 3454 ,
1855 3388 2012 3457 quod
2042 3386 2207 3456 prius
2236 3396 2440 3439 tamen
2468 3384 2669 3453 aliqua

367 3471 438 3504 ex
478 3466 649 3521 parte
690 3464 986 3514 ostensum
1029 3458 1247 3507 fuerat.
1356 3456 1638 3525 Tempora
1683 3462 1925 3525 propria
1966 3457 2127 3508 idem
2166 3454 2267 3507 hic
2309 3454 2663 3523 significant,

371 3523 528 3590 quod
556 3525 630 3575 ad
656 3523 851 3575 Galat.
878 3524 930 3590 4,
959 3520 1010 3577 4.
1049 3525 1355 3578 Plenitudo
1384 3537 1739 3592 temporum.
1826 3527 2119 3579 Admonet
2151 3525 2340 3590 enim,
2397 3524 2518 3574 boc
2545 3540 2668 3575 ma-

342 3589 523 3654 „xime
571 3603 976 3659 opportunum
1021 3594 1235 3664 agendi
1275 3593 1463 3647 fuisse
1503 3603 1768 3663 tempus,
1819 3611 2003 3663 quum
2032 3593 2292 3646 Domino
2314 3597 2508 3660 ”agere
2541 3592 2667 3659 pla·

370 3661 530 3723 cuit,
581 3673 647 3713 ut
684 3661 1000 3715 hominum
1042 3662 1375 3714 temeritati
1425 3672 1736 3728 occurrat,
1785 3664 1889 3732 qui
1934 3678 2172 3730 semper
2212 3662 2527 3729 inquirere
2567 3677 2666 3712 au-

370 3729 510 3779 dent
531 3765 547 3794 ,
588 3746 693 3781 cur
721 3747 840 3782 non
872 3731 1053 3783 citius
1073 3770 1090 3796 ‚
1132 3748 1238 3783 cur
1265 3731 1463 3800 potius
1491 3732 1668 3784 hodie
1697 3748 1874 3800 quam
1899 3748 2045 3782 cras.
2119 3730 2275 3796 Ergo
2315 3746 2390 3779 ne
2429 3725 2666 3795 praeter

366 3796 613 3849 modum
653 3798 832 3851 simus
873 3799 1131 3866 curiosi,
1185 3810 1456 3869 tempora
1491 3801 1553 3852 in
1592 3817 1772 3852 manu
1811 3798 2186 3868 arbitrioque
2213 3797 2330 3848 Dei
2360 3798 2446 3849 sic
2476 3797 2668 3867 posita

368 3881 496 3916 esse
546 3866 749 3929 docet,
807 3876 871 3919 ut
909 3869 1058 3920 nihil
1097 3883 1216 3919 non
1261 3869 1468 3934 ordine
1508 3888 1579 3922 ac
1619 3868 1970 3937 tempestive
2000 3883 2182 3935 agere
2213 3863 2542 3926 censendus
2567 3865 2666 3916 sit.

367 3934 697 3985 Sermonem
730 3953 914 3988 suum.
990 3938 1097 3988 Vel
1127 3937 1533 3991 subaudienda
1560 3948 1648 3990 est
1674 3937 2042 4006 praepositio
2070 3937 2186 3988 Per
2215 3934 2400 4002 (quod
2429 3933 2668 3986 Graecis

309 4035 316 4046 x
366 4019 487 4054 non
532 4013 624 4054 est
663 4002 952 4069 insolens)
998 4006 1091 4056 vel
1135 4022 1472 4064 sermonem
1512 4011 1688 4060 vocat
1715 4006 2049 4071 Christum,
2100 4001 2217 4055 nisi
2253 4000 2669 4071 forte‘aliquid

365 4071 687 4123 subaudire
735 4071 1006 4139 placeat,
1059 4076 1387 4126 sententiae
1422 4075 1764 4143 implendae
1811 4092 2001 4127 causa.
2073 4071 2232 4125 Mihi
2276 4072 2536 4124 secunda
2573 4086 2670 4121 ex·

368 4139 579 4206 positio
605 4178 621 4206 ,
660 4139 779 4192 nisi
812 4143 970 4220 quod
1002 4143 1308 4211 paululum
1339 4157 1546 4197 coacta
1576 4155 1698 4210 est,
1734 4143 1963 4211 alioqui
1991 4158 2112 4193 non
2139 4140 2492 4207 displiceret.
2573 4139 2667 4190 Sic

367 4208 671 4260 Iohannes
711 4207 892 4260 initio
936 4228 1077 4264 suae
1117 4211 1407 4279 epistolae
1452 4215 1528 4280 (Ι.
1558 4213 1808 4265 Iohann.
1840 4214 1890 4278 1,
1920 4213 2031 4277 1.):
2095 4209 2270 4280 Quod
2311 4207 2669 4272 audivimus,

367 4276 814 4348 quodrvidimus
860 4279 1051 4348 oculis
1088 4282 1341 4343 nostris,
1394 4284 1565 4352 quod*
1591 4297 1799 4334 manus
1834 4291 2079 4333 nostrae
2121 4285 2574 4331 contrectamnt
2599 4275 2669 4327 da

373 4362 434 4396 se
479 4401 480 4404 Ἴ
538 4357 649 4397 one
677 4347 830 4397 vitae
852 4385 867 4413 ,
909 4357 972 4398 et
998 4348 1118 4398 vita
1146 4347 1521 4404 manifestata
1548 4358 1659 4403 est.
1701 4403 1705 4407 ,
1744 4353 1950 4418 Itaque
1978 4349 2255 4418 praefero
2276 4384 2294 4413 ,
2345 4346 2509 4416 quod
2530 4344 2671 4397 sim-

317 4455 320 4458 .
375 4414 463 4484 pli

503 4413 596 4468 ius
625 4423 744 4481 est,
794 4415 990 4469 Deum
1020 4415 1205 4482 vitam
1229 4434 1337 4488 per
1361 4416 2169 4487 sermonemjmanifestasso,
2219 4415 2314 4471 vel
2337 4429 2673 4470 sermonen
