2820 4895
595 201 733 284 Μ)
798 179 1597 310 co'Los's‘ENsEs
1658 183 1916 284 elifii.
2151 167 2154 177 ’
2271 195 2400 286 ssi

169 395 239 441 est
272 384 518 438 Christus
557 385 632 439 ad
656 371 1518 454 *redemptionemhominuim
1606 383 1797 439 Nemo
1831 375 2033 452 autem
2072 373 2197 440 non
2236 376 2407 442 vide&

165 457 372 510 Paulum
404 455 486 508 ita
524 456 586 507 lo
636 453 692 507 ui
713 492 729 520 ,
777 454 916 522 quia
943 463 1217 523 oporteat
1241 471 1346 524 per
1372 450 1734 507 afflictiones
1762 454 2000 524 piorum
2028 454 2239 508 adduci
2268 473 2402 509 cor-

165 542 252 594 pus
279 524 563 576 Ecclesiae
616 523 674 575 'd
713 540 883 574 suam
922 521 1390 591 perfectionem,
1440 522 1583 575 dum
1614 525 1879 578 membra
1910 523 2090 591 capiti
2119 541 2224 577 suo
2258 542 2403 578 con·

166 587 472 661 figurantur.
547 596 628 644 Ac
653 591 929 644 timerem
955 587 1288 648 calumniae
1321 590 1721 660 suspicionem
1750 593 1814 644 in
1839 587 2153 658 recitandis
2184 594 2408 660 talibus

165 660 450 729 portentis,
500 662 612 713 nisi
651 677 857 713 eorum
897 659 1041 722 ‚libri
1079 669 1259 712 testes
1299 669 1532 728 essent,
1586 660 1731 713 nihil
1755 678 1849 714 me
1873 660 1996 714 illis
2025 661 2178 714 falso
2207 662 2406 730 impu-⁶

165 739 286 782 tare.
349 730 567 799 Urgent
610 730 790 780 etiam
838 730 997 799 quod
1034 727 1183 781 dicit
1212 728 1462 796 Paulus,
1511 746 1574 782 se
1614 746 1723 800 pro
1759 731 2038 786 Ecclesia,
2067 729 2217 799 pati.
2287 732 2403 785 Mi·

166 814 272 849 rum
307 806 418 864 est,
468 811 742 867 argutum
778 796 934 850 hunc
969 813 1202 850 sensum
1237 798 1459 849 nemini
1490 807 1753 862 veterum
1781 798 1844 849 in
1871 810 2132 856 mentem
2156 800 2406 857 venisse.

165 865 338 920 omnes
384 865 542 919 enim
589 866 900 919 nobiscum
952 866 1459 933 interpretantur,
1519 884 1626 933 pro
1670 866 1935 919 Ecclesia
1968 868 2100 987 Xati
2144 881 2408 938 sanctos,
2459 917 2480 938 ,

165 936 280 1004 quia
317 935 489 987 fidem
527 935 828 990 Ecclesiae
878 934 1250 987 confirmant.
1330 935 1606 1004 Papistae
1653 946 1851 988 autem
1899 936 1960 988 in
2008 953 2038 988 e
2091 938 2408 1010 colligunt,
2471 941 2480 946 “

165 1014 364 1057 sanctos
402 1021 532 1057 esse
568 1004 1008 1071 redemptores,
1056 1001 1198 1082 quia
1241 1002 1546 1071 expiandis
1589 1002 1851 1074 peccatis
1885 1021 1987 1057 san
2036 1005 2236 1059 uinem
2263 1006 2408 1061 ,fun-

165 1071 294 1124 dant.
361 1074 470 1127 Sed
514 1083 580 1125 ut
622 1071 839 1138 clarius
878 1070 1245 1140 perspiciant
1282 1072 1540 1125 lectores
1582 1085 1791 1126 eorum
1825 1071 1989 1141 imp‘u
2036 1074 2284 1143 entiam,
2319 1076 2410 1128 fa-

164 1148 273 1193 teor
304 1151 417 1193 tam
460 1150 747 1209 martyres
789 1157 895 1209 pro
923 1141 1185 1192 Ecclesia
1215 1155 1418 1206 passos
1444 1158 1567 1206 esse
1597 1158 1776 1212 quam
1803 1139 2102 1195 Christum
2124 1179 2143 1209 ,
2189 1146 2293 1198 sed
2322 1145 2410 1197 di-

163 1210 320 1260 versis
367 1209 589 1275 modis,
649 1209 804 1280 quod
845 1209 1162 1278 Augustini
1215 1210 1404 1261 verbis
1452 1210 1608 1262 malo
1651 1228 1826 1281 quam
1865 1212 2011 1266 meis
2049 1205 2119 1266 e'x
2163 1212 2413 1278 risneress,

163 1274 243 1328 Sic
270 1278 416 1331 enim
446 1278 665 1331 scribit
686 1287 945 1330 tractatu
973 1278 1033 1329 in
1063 1278 1310 1330 lob-nn.
1342 1278 1394 1343 8,
1424 1278 1511 1331 4.:
1563 1280 1694 1332 Etsi
1729 1280 1946 1331 fratres
1980 1297 2085 1349 pro
2147 1283 2410 1336 ratribus

163 1346 457 1413 morimur,
509 1347 731 1399 nullius
774 1355 973 1398 tamen
1011 1347 1254 1413 sanguis
1294 1347 1584 1415 martyris
1607 1348 1670 1399 in
1706 1357 2093 1418 peccatorum
2117 1351 2409 1407 remissio-‘-

160 1409 595 1468 nem'funditur:
639 1414 792 1485 quod
820 1411 973 1466 'fecit
1002 1416 1267 1467 Christus
1298 1432 1404 1482 pro
1431 1416 1622 1471 nobis.
1662 1409 1941 1487 neque'in
1969 1416 2082 1470 hoc
2110 1419 2249 1498 quid
2275 1419 2412 1473 imi-

162 1491 433 1550 taremur,
477 1484 577 1535 sed
605 1484 748 1552 quid
778 1483 1250 1552 gratularemur,
1286 1485 1455 1536 nobis
1485 1486 1761 1537 contulit.
1837 1489 1989 1566 Item
2017 1487 2175 1550 libro
2209 1489 2280 1540 ad
2296 1490 2413 1554 Boff

161 1551 418 1605 nifacium
453 1557 697 1621 quarto:
753 1549 917 1604 Sicu't
945 1552 1099 1608 solus
1133 1554 1245 1606 Dei
1275 1552 1457 1606 Filius
1484 1554 1679 1606 factus
1714 1563 1800 1606 est
1822 1554 1979 1607 filius
2009 1551 2298 1625 hominis,
2344 1567 2416 1612 ut

161 1634 252 1672 nos
275 1615 502 1673 ¹faceret
528 1622 642 1673 Dei
669 1620 863 1675 filios:
917 1620 1004 1673 ita
1034 1622 1211 1672 etiam
1249 1638 1354 1689 pro
1387 1621 1560 1686 nobis
1585 1623 1744 1687 solus
1773 1623 2034 1691 suscepit
2070 1624 2200 1677 sine
2236 1626 2415 1700 culpa

161 1703 420 1756 poenam,
459 1698 529 1742 ut
555 1706 663 1759 per
691 1689 883 1758 ipsum
912 1688 1038 1741 sine
1067 1689 1299 1741 meritis
1330 1708 1759 1761 consequamur
1790 1689 2420 1762 indebitam‘gratiam.

165 1756 359 1826 Quibus
400 1757 607 1811 simile
646 1745 925 1825 estillud
966 1760 1182 1811 Leonis
1224 1758 1509 1837 Episcopi
1552 1760 1845 1812 Romanis
1875 1771 1880 1774 ⁴
1908 1763 2205 1831 Accepere
2247 1764 2415 1832 iusti,

160 1839 260 1894 non
295 1827 584 1880 dederunt
620 1843 907 1895 coronas,
967 1835 1028 1878 et
1057 1828 1126 1878 de
1150 1828 1498 1881 fortitudine
1525 1828 1794 1881 fidelium
1825 1838 1965 1882 nata
1988 1840 2121 1883 sunt
2149 1836 2422 1902 exempla'
2495 1839 2498 1846 ’

197 1893 496 1962 atientiae,
553 1912 675 1948 non
727 1896 878 1948 dona
928 1894 1213 1947 iustitiae.
1307 1896 1642 1966 singulares
1684 1897 1909 1968 quippe
1953 1901 2424 1957 eorum'mortea'
2465 1890 2476 1912 '

160 1907 341 2029 aere,
387 1983 507 2017 nec
549 1963 801 2017 alterius*
833 1964 1096 2017 debitum
1142 1962 1432 2034 quispiam
1462 1982 1566 2019 suo
1596 1966 1716 2018 fine
1745 1966 2049 2034 persolvit.
2122 1965 2295 2023 Hunc
2320 1987 2426 2035 au<

161 2037 264 2085 tem
287 2034 452 2087 Pauli
486 2033 679 2098 verbis
710 2033 1203 2101 inessesensum,
1253 2034 1432 2085 facile
1463 2052 1533 2086 ex
1564 2043 1848 2088 contextu
1871 2045 2056 2104 patet.
2114 2038 2428 2094 subnecti&
2465 2064 2484 2104 γ

163 2099 298 2154 enim
323 2119 383 2154 se
408 2103 537 2173 pati
565 2103 888 2155 secundum
914 2101 1564 2172 dispen'sationemsibi
1598 2099 1989 2156 commissam.
2062 2105 2289 2160 Scimus
2321 2126 2436 2161 au·.

161 2172 265 2221 tem
306 2177 433 2223 'non
486 2169 900 2237 redimendae,
959 2170 1061 2223 sed
1098 2159 1500 2223 aedificandae
1539 2172 1848 2224 Ecclesiae
1883 2172 2289 2228 'ministerium
2325 2169 2430 2238 ini,

161 2233 319 2293 fuisse
357 2240 740 2293 commissum
760 2277 777 2305 ,
826 2249 885 2291 et
907 2239 1035 2308 ipse
1061 2239 1177 2291 hoc
1203 2240 1424 2292 diserte
1453 2240 1743 2293 continuo
1776 2252 1908 2309 post
1933 2244 2271 2311 profitetur.
2353 2245 2427 2299 Id

165 2315 240 2356 est
273 2310 426 2387 quod
471 2308 653 2361 etiam
695 2306 904 2360 scribit
940 2308 1012 2359 ad
1041 2309 1422 2362 Timotheum
1465 2312 1566 2378 (11.
1593 2308 1745 2362 Tim.
1767 2311 1825 2377 2,
1854 2313 1999 2376 10.)‚
2048 2329 2112 2364 se
2136 2314 2427 2366 sustinere

164 2387 342 2429 omnia
372 2387 627 2447 propter
658 2377 914 2443 electos,
960 2386 1029 2428 ut
1059 2377 1317 2432 salutem
1345 2381 1818 2447 consequantur,
1840 2398 2006 2450 *quae
2037 2395 2132 2433 est
2155 2377 2219 2431 in
2250 2381 2432 2455 Chai-2

163 2450 240 2494 ato
276 2447 426 2500 Iesu.
480 2447 593 2510 v,Et
633 2446 930 2499 secundae
973 2446 1043 2498 ad
1073 2446 1344 2501 Corinth.
1374 2464 1505 2515 cap.
1536 2453 1588 2518 1,
1613 2447 1666 2499 4.
1689 2485 1705 2514 ‚
1753 2465 1814 2499 se
1855 2450 2122 2516 perferre
2159 2449 2432 2504 libenter

100 2574 106 2583 κ
166 2516 342 2566 omnia
369 2533 484 2585 pro
516 2515 786 2583 ipsorum
817 2514 1232 2568 consolatione
1267 2526 1327 2568 et
1352 2515 1565 2568 salute.
1636 2517 1884 2569 Discant
1910 2517 2097 2586 igitur
2124 2518 2208 2586 pii
2235 2520 2428 2572 lecto-i

162 2594 244 2632 res
271 2584 462 2638 odisse
499 2602 569 2637 ac
599 2584 880 2636 detestari
907 2584 1189 2653 profanos
1213 2584 1352 2637 istos
1377 2584 1707 2655 sophistas,
1758 2585 1860 2655 qui
1892 2597 1958 2640 ut
1986 2589 2105 2639 suis
2131 2586 2430 2659 figmentis

168 2649 414 2706 colorem
446 2652 773 2721 inducant,
822 2651 911 2704 ita
951 2669 1024 2705 ex
1061 2655 1319 2723 professo
1361 2662 1760 2725 corrumpunt
1789 2655 2127 2726 Scripturas
2161 2668 2232 2728 xet
2267 2658 2433 2711 adul-

164 2722 359 2773 terant.
702 2764 709 2781 ,
1186 2776 1189 2783 ,
1295 2742 1300 2751 ¹
1599 2782 1604 2783 γ
1749 2767 1783 2778 .-

281 2790 369 2843 25.
447 2790 628 2850 Cuius
660 2789 871 2856 factus
911 2806 1036 2851 sum
1081 2788 1183 2855 ego
1229 2790 1516 2855 minister.
1601 2792 1688 2845 En
1728 2808 1845 2861 quo
1887 2791 2132 2844 nomine
2170 2793 2437 2864 patiatur

167 2869 260 2922 pro
285 2859 588 2913 Ecclesia:
639 2875 855 2928 nempe
892 2854 1033 2928 qu'ia
1074 2858 1342 2911 minister
1379 2868 1505 2927 est,
1550 2877 1670 2915 non
1700 2862 1770 2912 ad
1797 2860 2049 2913 dandum
2075 2863 2437 2932 redemptio·-

165 2923 243 2975 nis
278 2929 544 2997 pretium
582 2931 675 2989 (ut
702 2928 1065 2995 Augustinus
1097 2927 1241 2979 scite
1270 2935 1330 2980 et
1355 2927 1458 2998 pie
1488 2928 1773 2997 loquitur)
1807 2929 1911 2980 sed
1950 2931 2436 2998 praedicandum»

166 2991 328 3047 Porro
359 2996 538 3049 aliter
565 3013 627 3047 se
654 2995 996 3057 ministrum
1025 2996 1326 3048 Ecclesiae
1356 3012 1512 3049 nunc
1537 2998 1814 3065 appellat,
1851 3006 2023 3066 atque
2054 2999 2199 3051 alibi
2231 3002 2439 3069 (Leo-

167 3059 335 3116 rinth.
365 3066 421 3129 4,
453 3067 530 3128 1.)
561 3065 900 3117 ministrum
932 3063 1068 3131 Dei,
1108 3075 1167 3115 et
1192 3081 1385 3133 nuper
1418 3065 1743 3133 Evangelii.
1814 3065 2091 3118 Serviunt
2122 3069 2278 3121 enim
2306 3072 2437 3122 Deo

167 3131 425 3197 Apostoli
460 3141 520 3185 et
552 3133 791 3200 Christo
812 3172 829 3200 ,
880 3135 951 3183 ad
980 3134 1452 3203 promovendam
1486 3135 1799 3204 utriusque
1833 3135 2121 3205 gloriam}
2173 3138 2441 3205 serviunt

167 3195 461 3255 Ecclesiae
501 3201 562 3252 in
603 3202 889 3271 salutem,
944 3205 1001 3255 e't
1032 3202 1227 3270 ipsum
1255 3201 1651 3271 Evangelium
1681 3203 2127 3259 administrant.
2194 3206 2443 3273 Diversa

168 3263 343 3332 igitur
378 3269 443 3322 in
486 3270 620 3322 istis
659 3270 1114 3340 loquutionibus
1153 3282 1239 3322 est
1275 3271 1591 3333 ministerii
1634 3271 1821 3325 ratio:
1870 3273 1968 3324 sed
2003 3290 2185 3326 unum
2220 3277 2319 3327 abs
2366 3293 2441 3327 ue

169 3334 278 3386 alio
313 3334 591 3391 co'nstare
630 3339 863 3409 nequit.
946 3340 1116 3392 Dicit
1149 3350 1346 3391 autem
1380 3343 1540 3406 Erga
1570 3358 1706 3409 uns,
1754 3350 1821 3393 ut
1849 3357 2061 3405 munus
2093 3341 2256 3395 illius
2283 3361 2313 3394 a
2379 3362 2443 3398 se

208 3421 384 3475 noque
412 3406 718 3474 pertinere
747 3409 961 3461 sciant.
1102 3410 1186 3458 Ad
1215 3410 1563 3476 implendum
1591 3427 1928 3463 sermonem.
2012 3412 2221 3462 Finem
2260 3414 2446 3464 ascri-

207 3475 252 3524 it
274 3475 361 3528 sui
389 3476 740 3540 ministerii,
795 3485 862 3529 ut
895 3476 1108 3529 efficax
1139 3477 1214 3528 sit
1238 3475 1350 3528 Dei
1377 3494 1571 3529 sermo
1589 3516 1607 3545 ,
1633 3479 1805 3550 ,quod
1834 3476 1933 3545 fit,
1985 3479 2124 3531 dum
2159 3481 2462 3534 obedien»x

172 3548 258 3591 ter
291 3544 612 3612 recipitur.
694 3547 856 3598 Haec
890 3545 1049 3598 enim
1081 3544 1393 3613 Evangelii
1427 3547 1613 3598 virtus
1637 3556 1761 3613 test,
1810 3554 1879 3598 ut
1911 3550 2188 3615 potentia
2209 3546 2327 3601 Dei
2363 3550 2447 3604 sit

174 3605 229 3658 in
254 3612 500 3665 salutem
532 3612 690 3664 omni
719 3614 985 3666 credenti
1015 3615 1209 3681 (Rom.
1243 3616 1293 3697 1,
1325 3616 1451 3679 16.).
1536 3615 1734 3667 Verbo
1765 3615 1949 3685 igitur
1979 3633 2084 3669 suo
2112 3612 2450 3674 efficaciam'.

177 3684 233 3726 et
259 3680 537 3734 effectum
564 3683 664 3734 dat
691 3684 850 3734 Deus
876 3700 984 3751 per
1014 3683 1352 3750 Apostolos.
1427 3683 1776 3752 Quanquam
1801 3682 1962 3739 enim
1985 3684 2450 3755 ipsa'praedicag-

176 3745 282 3812 tio,
318 3750 751 3818 qualiscunque
777 3751 855 3802 sit
886 3760 1161 3817 eventus,
1197 3749 1469 3819 impletio
1501 3760 1589 3803 est
1617 3750 1937 3817 sermonis:
1986 3753 2221 3809 fructus
2252 3767 2450 3810 tamen

180 3811 403 3868 demum
430 3818 690 3883 ostendit
709 3854 726 3884 ,
761 3835 884 3869 non
911 3818 1136 3872 frustra
1163 3826 1432 3886 sparsum
1464 3836 1586 3871 esse
1617 3822 1836 3872 semen.
2417 3838 2422 3843 ’

301 3884 389 3935 26.
468 3888 814 3957 Mys-terium
856 3888 1228 3940 reconditum.
1301 3886 1613 3956 Evangelii
1652 3888 2123 3952 commendatio.
2175 3892 2331 3961 quod
2364 3891 2453 3947 sit

180 3946 525 4013 admirabile
571 3954 688 4007 Dei
739 3966 1058 4010 secretum.
1161 3957 1298 4007 Non
1343 3957 1446 4009 abs
1480 3972 1547 4006 re
1586 3957 1803 4010 Paulus
1848 3958 2029 4009 toties
2067 3960 2453 4030 Evangelium

182 4030 345 4085 quam
389 4023 663 4089 maximis
707 4025 906 4092 potest
941 4023 1215 4077 laudibus
1260 4023 1518 4077 extollit.
1582 4023 1825 4078 videbat
1863 4027 2016 4078 enim
2054 4030 2283 4081 ludaeis
2327 4045 2456 4081 essa

182 4090 548 4159 scandalum,
595 4093 847 4145 Graecis
889 4091 1200 4146 stultitiam
1248 4092 1318 4157 (Ι.
1349 4092 1625 4146 Corinth.
1662 4098 1712 4160 1,
1740 4093 1876 4161 230.
1960 4095 2037 4146 Et
2075 4114 2181 4150 nos
2220 4111 2456 4167 quoque

183 4150 353 4208 hodie
379 4158 671 4228 videmus,
704 4171 928 4231 quanto
959 4161 1118 4214 sitin
1147 4160 1285 4212 odio
1309 4160 1662 4230 hypocritis,
1692 4180 1869 4232 quam
1893 4166 2151 4232 superbe
2179 4180 2212 4217 a
2242 4164 2459 4218 mundo

186 4234 606 4282 contemnatur.
689 4231 907 4282 Paulus
946 4236 1091 4298 ergo
1110 4267 1127 4295 ,
1174 4241 1243 4280 ut
1274 4239 1397 4281 tam
1431 4230 1639 4299 iniqua
1666 4242 1726 4283 et
1751 4248 2025 4300 perversa
2053 4232 2271 4285 iudicia
2296 4235 2458 4286 refu·

188 4296 306 4359 tet,
354 4299 670 4366 magnifice
708 4297 943 4351 extollit
972 4297 1284 4366 Evangelii
1319 4298 1697 4368 dignitatem,
1749 4300 1981 4370 quoties
2015 4300 2106 4353 ita
2136 4302 2256 4353 fert
2284 4315 2459 4355 occa·

195 4360 302 4415 sio.
338 4368 540 4436 {atque
576 4367 652 4423 ad
687 4368 755 4422 id
793 4366 974 4439 variis
1015 4368 1379 4438 argumentis
1418 4367 1615 4424 utitur
1656 4376 1770 4441 ‘pro
1814 4368 1936 4426 loci
1984 4369 2460 4431 circumstantia.
