2820 4895
137 270 145 300 ·
252 272 360 358 11<
406 243 745 338 ems-r.
784 268 1293 338 PAULrAu
1339 269 1808 337 mmo-ru.
1848 271 1935 336 11.
1996 267 2235 376 cun.
2318 259 2448 342 299

96 449 101 456 “
143 443 388 498 modurn
432 438 859 494 declarationis
900 437 1282 504 attexuisset,
1326 456 1436 492 nos
1474 439 1609 510 ideo
1649 437 1844 492 amari
1888 456 1922 490 a
1958 441 2148 506 Deo,¹
2179 437 2322 509 quia
2355 449 2447 492 est

144 509 516 565 misericors.
591 510 939 578 Quanquam
983 517 1187 576 potest
1225 508 1353 587 lioc·
1381 509 1559 587 etiam
1591 508 1807 576 exponi
1835 508 1908 561 de
1938 507 2300 588 quotidianis
2327 508 2445 559 Dei

144 579 488 644 beneficiis,
525 595 677 658 quaa
715 576 966 628 totidem
1008 586 1146 628 sunt
1189 577 1633 627 misericordiae
1675 577 1803 628 eius
1839 585 2204 638 testimonia.
2289 577 2445 632 Nam

147 651 379 718 quoties
406 647 603 698 nobis·
643 645 970 713 opitulatur
989 682 1004 708 ,
1056 642 1292 712 quoties
1320 661 1351 693 a
1374 646 1552 696 malis
1585 644 1838 705 liherat·,
1889 644 2153 712 ignoscit
2179 644 2445 714 peccatis
2533 697 2544 708 Ι

146 718 371 771 nostris
391 754 410 784 ,
446 712 793 770 infirmitati
820 712 1123 782 indulgen
1162 712 1279 764 hoc
1309 712 1464 784 iacit
1482 748 1500 777 ,
1535 712 1677 783 quia
1705 712 1900 765 nostri
1925 712 2267 766 miseretur.

152 949 157 954 ,
315 888 375 948 8.
411 879 736 948 ‘Gratiam
778 880 994 945 habeo
1020 880 1205 957 Dec,
1264 901 1469 964 quem
1511 878 1661 964 colo
1701 899 1737 943 a
1780 901 1906 967 pro
1957 883 2334 947 enitoribus
2369 873 2470 964 in·

196 987 319 1030 ura
349 970 763 1030 conscientia
782 1013 803 1043 ,
856 976 934 1029 ut
965 966 1302 1034 assiduam
1332 969 1432 1027 tui
1463 968 1875 1029 mentionem
1936 970 2082 1030 acio
2111 971 2183 1030 in
2215 972 2446 1053 preci÷

196 1070 276 1116 us
304 1055 478 1116 meis
509 1052 617 1114 die
646 1062 715 1115 et
740 1063 982 1125 noctu,
1067 1052 1127 1112 4.
1166 1048 1580 1113 Desiderans
1610 1062 1676 1113 te
1701 1050 1957 1125 videre,
2001 1073 2262 1115 memor
2288 1064 2446 1134 tua-

150 1152 300 1200 rum
327 1125 816 1223 lacrymarum,
857 1145 935 1198 u't
963 1133 1208 1219 gaud-io
1237 1131 1556 1217 implear,
1653 1134 1713 1202 5.
1763 1134 2096 1198 Memoria
2126 1146 2442 1221 repetens

149 1241 317 1297 eam,
348 1223 617 1305 quaein
644 1230 717 1300 te
745 1230 868 1295 est,
897 1222 1222 1283 sinceram
1254 1217 1477 1293 fidem,
1506 1237 1673 1301 quae
1701 1217 2020 1287 habitavit
2047 1223 2343 1306 primum
2368 1224 2445 1285 in
2474 1251 2484 1270 =

151 1310 291 1376 avia
318 1318 436 1368 tua
453 1304 692 1380 Loide,
736 1316 805 1368 et
826 1307 901 1368 'in
935 1312 1147 1388 matre
1173 1313 1289 1366 tua
1312 1303 1601 1366 Eunica:
1644 1323 2040 1388 persuasum
2069 1318 2290 1372 autem
2317 1303 2444 1370 ha·-

150 1391 317 1469 beo,
359 1390 549 1475 quod
579 1386 781 1454 etiam
807 1392 879 1451 in
909 1398 1001 1452 te.
1116 1393 1121 1404 “

284 1531 339 1586 8.
415 1531 689 1583 Gratiam
719 1532 921 1584 habeo.
1002 1530 1192 1600 Vulgo
1232 1530 1319 1582 ita
1361 1539 1702 1598 exponunt,
1753 1531 1908 1610 quod
1936 1531 2152 1584 Paulus
2183 1532 2444 1602 gratiani

152 1600 279 1653 Deo
308 1600 560 1654 habeat:
603 1599 813 1651 deinde
843 1617 979 1653 mox
1007 1608 1289 1668 sequatur
1319 1615 1532 1652 causae
1563 1597 1825 1652 redditio
1845 1638 1864 1667 ,
1902 1601 1996 1654 vel
2028 1615 2445 1669 argumentum

155 1669 489 1737 gratiarum
530 1669 822 1724 actionis=
883 1668 1026 1739 quia
1063 1670 1194 1722 sine
1234 1666 1683 1720 intermissione
1725 1685 1956 1721 memor
1994 1671 2072 1722 sit
2110 1670 2441 1726 Timothei.

157 1739 258 1792 sed
296 1738 636 1809 expendant
671 1738 963 1803 lectores,
1011 1755 1085 1788 an
1109 1754 1230 1790 non
1257 1754 1444 1806 aeque
1467 1737 1615 1788 bene
1643 1753 1711 1794 ac
1744 1738 1925 1792 etiam
1954 1738 2171 1799 ,melius
2195 1741 2445 1809 quadret

155 1805 254 1857 hic
298 1823 540 1860 sensus:
593 1807 841 1875 Quoties
878 1807 967 1858 tui
1007 1809 1292 1860 recordor
1324 1806 1385 1857 in
1428 1804 1705 1871 precibus
1748 1807 1898 1860 meis
1938 1806 2022 1873 (id
2051 1819 2253 1862 autem
2284 1809 2443 1870 facio

158 1876 595 1941 continenter),
645 1875 825 1940 simul
863 1877 1038 1927 etiam
1079 1876 1150 1927 de
1189 1884 1249 1927 te
1288 1875 1510 1943 gratias
1551 1891 1680 1944 ago.
1733 1891 1872 1926 nam
1898 1875 2196 1943 particula
2223 1873 2299 1938 ὥς
2322 1879 2444 1930 frev-

157 1946 441 2013 quentius
485 1942 571 1997 ita
610 1945 924 2010 accipitur.
1009 1944 1085 1995 Et
1119 1960 1257 1996 sane
1293 1960 1365 1994 ex
1400 1943 1588 1994 altera
1623 1944 1893 1996 versione
1923 1945 2157 2000 nonnisi
2186 1945 2443 2014 frigidus

158 2030 355 2065 sensus
400 2012 541 2064 elici
585 2022 799 2080 potest.
870 2013 1205 2066 Secundum
1242 2011 1396 2064 hanc
1440 2012 1870 2079 expositionem
1904 2011 2168 2081 precatio
2204 2015 2444 2084 signum

161 2082 275 2132 erit
316 2080 776 2146 sollicitudinis,
823 2080 1147 2149 gratiarum
1186 2081 1336 2133 actio
1378 2080 1606 2148 signum
1645 2080 1885 2148 gaudii:
1938 2081 2076 2149 quia
2107 2082 2339 2137 scilicet
2367 2084 2445 2136 de

161 2149 477 2202 Timotheo
516 2166 819 2219 nunquam
861 2149 1203 2217 cogitabat,
1241 2148 1385 2218 quin
1415 2148 1690 2200 venirent
1715 2149 1778 2199 in
1807 2163 2069 2216 mentem
2093 2153 2443 2219 praeclarae

161 2217 713 2298 virtutes,·quibus
758 2229 998 2270 ornatus
1036 2229 1182 2273 erat.
1270 2216 1430 2269 Hinc
1465 2218 1874 2285 gratulationis
1917 2219 2190 2273 materia.
2233 2222 2446 2276 ,suavis
2543 2259 2550 2270 .

163 2287 313 2339 enim
359 2298 417 2339 et
463 2286 720 2344 iucunda
758 2304 995 2354 semper
1031 2296 1117 2339 est
1153 2284 1273 2354 piis
1312 2285 1606 2340 donorum
1633 2286 1746 2350 Dei
1772 2287 2128 2340 recordatio.
2199 2289 2447 2343 Utrum·

163 2371 272 2441 que
318 2373 502 2421 porro
548 2363 651 2422 est,
677 2373 849 2412 verae
885 2354 1337 2408 benevolentiae
1374 2359 1814 2423 argumentum.
1886 2353 2242 2410 Mentionem
2269 2367 2449 2413 vocat

163 2420 525 2481 αδιὰλειπτον
551 2464 567 2492 ,
606 2472 611 2475 ,
646 2424 779 2494 quia
847 2439 1151 2493 nunquam
1213 2441 1350 2477 eum
1412 2432 1748 2493 praetereat
1773 2462 1790 2492 ,
1858 2426 2108 2495 quoties*
2147 2437 2445 2495 precatur.

169 2491 341 2558 Qui-em
385 2496 517 2548 colo
559 2513 592 2544 α
633 2496 1118 2560 progenitoribus.
1219 2493 1387 2553 Hanc
1433 2488 1928 2551 testificationem
1969 2494 2249 2563 opposuit
2284 2495 2445 2549 n'otis

160 2561 283 2617 illis
314 2563 660 2628 calumniis,
701 2563 907 2631 quibus
942 2580 1074 2615 eum
1109 2562 1322 2632 passim
1351 2563 1553 2617 Iudaei
1585 2564 1941 2631 gravabant,
1976 2563 2142 2633 quasi
2173 2564 2448 2618 desertor

166 2641 313 2685 esset
353 2634 585 2700 patriae
628 2631 968 2698 religionis,
1017 2640 1076 2682 et
1105 2649 1137 2682 a
1164 2630 1328 2703 Lege
1359 2631 1544 2683 Mosis
1584 2640 1877 2699 apostata.
1945 2632 2035 2683 Ex
2072 2632 2318 2686 adverso
2355 2643 2446 2686 te-

166 2707 352 2752 statur
379 2720 443 2753 se
474 2702 669 2752 Deum
698 2700 928 2766 colere,
981 2716 1155 2770 quem
1185 2718 1216 2750 a
1249 2699 1576 2752 maioribus
1606 2708 1953 2770 acceperat,
1987 2702 2183 2753 Deum
2209 2702 2449 2756 scilicet

168 2770 430 2821 Abrahae
451 2806 469 2834 ,
504 2768 604 2838 qui
629 2786 690 2821 se
719 2769 1009 2837 patefecit
1038 2767 1302 2835 Iudaeis,
1338 2768 1446 2838 qui*
1469 2771 1689 2836 Legem
1716 2780 1882 2820 suam
1905 2769 2159 2821 tradidit
2188 2786 2297 2849 per
2320 2772 2447 2824 mass·

167 2853 305 2890 num
335 2835 556 2890 Mosis:
615 2853 734 2888 non
779 2847 977 2889 autem
1017 2836 1319 2888 novitium
1359 2838 1619 2907 aliquem
1652 2839 1878 2904 Deum,
1969 2846 2110 2910 uem
2153 2838 2271 2889 sibi
2316 2839 2448 2907 ipse

167 2919 353 2975 nuper
392 2906 801 2971 fabricaverit.
888 2904 997 2957 Sed
1035 2904 1139 2957 hic
1172 2902 1379 2977 quaeri
1421 2914 1650 2974 potest,
1698 2922 1876 2976 quum
1906 2922 1948 2979 g„
1973 2905 2201 2958 orietur
2223 2908 2447 2965 Paulus

164 2989 230 3027 ‚se
254 2970 832 3044 ,religionem'sequi
868 2992 899 3025 a
937 2974 1262 3026 maioribus
1304 2974 1634 3044 proditam,
1687 2992 1759 3026 an
1794 2977 1908 3027 hoc
1941 2975 2080 3028 satis
2106 2973 2342 3041 firmum
2369 2968 2451 3029 sit

172 3041 640 3096 fundamentum.
692 3048 829 3095 'nam
858 3040 991 3113 inde
1019 3043 1296 3112 sequitur
1315 3081 1331 3110 ,
1374 3043 1531 3095 hunc
1554 3044 1685 3095 fore
1711 3044 2044 3111 speciosum
2073 3044 2339 3096 colorem
2374 3043 2456 3097 ad·

174 3112 525 3164 excusandas
549 3128 749 3171 omnes
777 3108 1260 3179 supeistitioneS,
1301 3119 1370 3178 *et
1399 3112 1633 3163 crimen
1657 3109 1813 3178 fore,
1850 3112 1902 3165 si
1933 3113 2060 3181 quis
2090 3130 2123 3171 a
2148 3113 2452 3171 maiorum

166 3194 415 3233 ‘suoi-um·
449 3180 770 3247 institutis,
820 3181 1248 3250 qualiacunque
1288 3181 1443 3249 sint,
1486 3180 1579 3233 vel
1615 3179 1929 3234 minimum
1972 3181 2259 3237 discedat.
2295 3232 2296 3235 ,
2330 3183 2452 3234 Re-

178 3251 404 3313 sponsio
433 3250 634 3302 facilis
668 3262 792 3315 est,
843 3267 961 3300 non
993 3248 1107 3301 hic·
1123 3248 1407 3301 constitui
1439 3258 1664 3301 certam
1697 3250 1927 3317 legem,
1979 3259 2043 3302 ut
2073 3247 2330 3318 quisquis
2353 3266 2452 3302 re-

180 3328 404 3380 ceptam
430 3338 465 3373 a
494 3317 758 3386 patribus
782 3318 902 3370 suis
934 3318 1291 3385 religionem
1318 3319 1604 3387 sequitur,
1640 3320 1691 3369 is
1719 3319 1835 3371 rite
1861 3322 2055 3371 Deum
2086 3318 2280 3369 colere
2310 3335 2453 3369 cen-

179 3394 400 3451 seatur,
450 3398 511 3438 et
543 3402 779 3447 rursum
822 3387 943 3456 qui
966 3385 1289 3455 desciverit
1312 3404 1363 3443 ,a
1399 3386 1828 3443 consuetudine
1852 3388 2179 3452 maiorum,
2220 3388 2453 3441 crimen

178 3448 308 3503 inde
351 3455 590 3526 aliquod
632 3450 939 3515 sustineat.
1008 3457 1175 3509 Nam,
1206 3455 1656 3513 circumstantia
1691 3456 1838 3508 haec
1876 3450 2454 3523 semper-observari

179 3518 376 3587 debet,
414 3525 570 3597 quod
600 3525 813 3579 Paulus
840 3540 954 3577 non
985 3525 1057 3574 ab
1088 3522 1705 3595 idololatrisfduqeliat
1731 3522 2030 3593 originem
2049 3562 2067 3591 ,
2119 3524 2219 3576 sed
2247 3538 2280 3574 a
2304 3522 2451 3578 filiis

164 3588 442 3644 *Abrahae
462 3631 498 3659 ,‚
518 3591 618 3661 qui
650 3609 853 3645 verum
881 3594 1075 3644 Deum
1102 3586 1456 3659 adorabant.
1529 3588 1761 3646 Scimus
1795 3602 1990 3646 autem
2017 3591 2159 3663 quid
2187 3609 2458 3660 pronun-

179 3655 290 3707 tiet
330 3662 596 3715 Christus
635 3661 913 3713 Iohannis
937 3660 989 3722 4,
1016 3662 1135 3726 22„
1201 3662 1363 3712 solos
1388 3672 1389 3679 ¹
1414 3660 1650 3713 scilicet
1693 3661 1942 3714 Iudaeos
1993 3670 2203 3713 tenere
2250 3656 2455 3715 veram

182 3723 460 3781 adorandi
500 3730 844 3795 rationem,
878 3747 1056 3798 quum
1082 3730 1331 3787 fictitios
1344 3731 2094 3784 omnesGentinm'cultus
2127 3728 2452 3797 improbat.

183 3791 313 3844 Non
345 3814 484 3880 ergo
513 3798 614 3850 hic
642 3799 851 3851 Paulus
876 3798 1030 3851 nuda
1060 3799 1305 3857 Pati-um
1336 3796 1696 3865 auctoritate
1723 3798 1970 3865 nititur,
2014 3815 2128 3850 nec
2157 3799 2464 3867 quoslibet*

183 3871 375 3925 patres
418 3884 481 3918 in
524 3866 778 3919 medium
815 3866 1089 3933 adducit,
1137 3867 1236 3919 sed
1274 3868 1436 3919 tollit
1473 3866 1685 3918 falsam
1725 3866 1894 3919 illam
1935 3867 2301 3937 opinionem,
2338 3883 2459 3937 qua

185 3929 405 3986 sciebat
449 3953 509 3988 se
550 3934 767 3987 iniuste
801 3935 1068 4004 gravari,
1094 3936 1303 4006 quod,
1339 3935 1551 3989 relicto
1575 3936 1705 3986 Deo
1738 3936 2012 4003 Israelis,
2051 3935 2306 3997 alienum
2336 3936 2453 3988 sibi
2475 3963 2490 3971 ι

186 3993 376 4053 Deum
417 4003 718 4056 asciverit.
867 4006 937 4054 In
976 4023 1122 4069 pura
1162 4005 1545 4057 conscientia.
1631 4004 1877 4055 Cer-tum
1910 4014 2034 4070 est,
2070 4021 2189 4056 non
2221 4021 2457 4070 semper

184 4076 385 4127 puram
410 4071 593 4126 fuisse
621 4070 790 4125 Pauli
826 4074 1274 4127 conscientiam:
1322 4081 1535 4139 utpote
1575 4071 1678 4138 qui
1713 4072 1939 4125 fatetur
1974 4074 2171 4136 (Rom.
2196 4071 2253 4139 7·,
2281 4073 2363 4138 8.)
2391 4088 2462 4125 se

160 4146 290 4208 --per
326 4137 671 4208 hypocrisin
706 4140 889 4193 fuisse
926 4142 1273 4209 deceptum,
1294 4140 1494 4211 ¹qnuin
1519 4140 1631 4193 sibi
1660 4138 2116 4209 concupiscendi
2149 4140 2460 4197 licentiam

192 4201 541 4273 indulgeret.
650 4210 805 4277 Nam
844 4209 999 4278 quod
1039 4219 1278 4273 excusat
1327 4210 1782 4276 Chrysostomus
1829 4209 1956 4263 eius
1996 4209 2461 4265 Pharisaismum
2543 4260 2546 4265 .

193 4280 260 4317 00
295 4278 445 4339 quod
479 4294 599 4329 non
635 4270 899 4345 malitia,
926 4279 1049 4330 ·sed
1090 4272 1894 4353 i‘gnoratione‘Eva‘ngelium
1931 4278 2346 4347 oppugnabat:
2396 4277 2461 4332 id
2523 4302 2535 4317 κ

190 4346 317 4416 non·
348 4345 656 4400 satisfacit.
702 4350 903 4415 neque
934 4348 1092 4398 enim
1132 4346 1378 4415 vulgare
1413 4346 1686 4416 elogium*
1706 4344 2010 4416 est*purae'
2031 4346 2458 4415 conscientiae,

162 4417 307 4479 -ὓθρ
334 4421 611 4477 potestne
640 4414 895 4497 minuero.
925 4415 1329 4473 eta-sestosnet
1340 4414 1568 4487 nimam
1592 4414 1879 4485 separari.
1942 4417 2167 4486 «Itaque
2188 4414 2268 4468 ad
2289 4430 2462 4484 prae-
