2820 4895
372 251 506 337 aaa
671 287 680 306 ·
870 246 1024 320 ut
1091 239 1725 334 EpisToLAss
1804 245 2146 338 raum

377 421 706 490 suauitatis.
779 423 914 480 Non
953 431 1163 478 tamen,
1194 421 1297 479 liic
1337 431 1601 478 astutum
1635 411 1944 482 bominem
1978 427 2197 490 orabat
2224 428 2576 500 Apostolus,
2612 439 2684 486 et

373 495 468 551 kei
501 492 1251 564 domesticaecallentemt
1303 495 1403 546 sed
1436 493 1535 562 qui
1568 494 1859 548 familiam
1889 499 2222 566 gubernare
2253 498 2540 554 didicerit
2564 498 2681 551 lao-

289 604 294 610 .
378 573 565 620 nesta·
593 562 933 634 disciplina.
1022 563 1114 614 De
1155 562 1356 614 liberis
1396 563 1572 615 etiam
1612 565 1935 637 praecipue
1970 565 2269 636 loquitur,
2319 568 2419 637 qui
2450 565 2683 621 debent

426 634 571 686 atris
599 630 829 685 referre
856 630 1189 698 ingenium.
1262 631 1514 683 Proinde
1541 637 1826 700 magnum
1857 634 1974 686 erit
2001 637 2105 686 ded
2118 638 2584 706 ecus,Episcopi,
2621 636 2682 691 ai

451 704 538 756 ios
578 700 794 753 habeat
833 699 1159 768 flagitiosae
1180 707 1263 754 „et
1296 700 1536 753 infamis
1577 702 1757 754 vitae.
1829 704 1920 755 De
1953 706 2232 758 uxoribus
2255 715 2398 774 aget
2424 715 2635 774 postea
2658 722 2680 759 s

381 781 544 853 nunc
582 773 675 839 (ut
701 767 853 849 9¹¹⁵).
894 768 1277 888 praeczpp‘am
1315 771 1524 888 domgs
1559 780 1787 839 partem
1824 774 2080 841 attingit.
2150 773 2350 856 Primo
2377 777 2571 843 capite
2598 774 2683 827 ad

382 843 597 978 ‘²:33
606 839 1068 959 .‘3‚⁵.²‘32'¹1‘31³2·‘.'„3¹22¹
1088 840 2336 978 ..52:25ss1:;}„5032,”23“25;¹m¹‡:3’32222¹
2345 861 2486 964 ἒξ..
2510 845 2683 967 ἔιῗὲἳ

438 978 703 1047 piscopi,
744 975 920 1029 simul
952 975 1139 1041 addit,
1177 977 1383 1044 Neque
1412 977 1704 1029 obnoxios
1731 979 1945 1047 probro
1974 979 2413 1047 dissolutionis,
2453 989 2558 1033 aut
2582 982 2686 1032 in-

381 1045 839 1115 temperantiae.
929 1045 1067 1096 Vult
1094 1060 1237 1113 ergo
1268 1045 1331 1095 in
1360 1061 1586 1099 summa
1606 1084 1622 1112 ,
1675 1047 1938 1098 moribus
1969 1064 2096 1099 esse
2128 1049 2202 1100 ad
2230 1045 2464 1102 omnem
2495 1049 2687 1103 casti-

382 1125 573 1174 tatem
595 1153 610 1182 ,
656 1114 1041 1179 modestiam,
1092 1122 1151 1164 et
1178 1113 1537 1193 gravitatem
1567 1114 1929 1184 compositis.
2006 1120 2468 1188 Argumentum,
2511 1118 2683 1187 quod

384 1188 659 1260 sequitur
687 1203 719 1237 a
750 1183 960 1235 minori
989 1183 1060 1235 ad
1086 1198 1315 1248 matus,=
1341 1198 1451 1248 per
1479 1200 1541 1233 se
1568 1186 1797 1236 clarum
1828 1196 1915 1236 est
1933 1224 1950 1253 ,
1991 1188 2379 1257 Nequaquam
2407 1188 2542 1241 fore
2570 1204 2685 1254 pa-

382 1271 515 1310 tem
549 1253 813 1324 regendo
844 1252 1100 1322 populo,
1135 1250 1236 1331 qui
1265 1249 1337 1302 ad
1362 1253 1681 1318 regendam
1714 1251 2008 1306 familiam
2039 1256 2121 1306 sit
2149 1256 2408 1324 ineptus.
2487 1258 2686 1307 Prae-

383 1321 895 1394 terquam·enim,
950 1321 1106 1391 quod
1147 1319 1286 1371 inde
1327 1330 1588 1389 constat,
1640 1322 1986 1376 necessariis
2024 1324 2348 1381 virtutibus
2388 1324 2680 1380 destituit

294 1419 301 1430 κ
382 1394 532 1468 quid
575 1389 951 1447 auctoritatis
991 1388 1212 1442 habere
1253 1388 1480 1462 poterit
1515 1390 1577 1443 in
1614 1393 1869 1461 populo,
1927 1409 2112 1464 quum
2166 1393 2410 1464 propria
2458 1394 2684 1452 domu,

386 1458 904 1531 contemptibilem
942 1473 1075 1510 eum
1111 1457 1361 1510 reddat?
2296 1498 2304 1504 -
2675 1471 2678 1480 ’

523 1557 583 1618 6.
665 1560 801 1613 Non
843 1559 1146 1614 novitium.
1289 1558 1388 1612 uia
1435 1556 1605 1612 multi
1643 1569 1785 1614 tunc
1817 1561 2139 1629 praestanti
2182 1559 2427 1629 ingenio
2468 1573 2527 1616 et
2566 1561 2682 1616 do-

385 1630 582 1693 ctrina
617 1628 1061 1681 adducebantur
1097 1626 1170 1679 ali
1209 1627 1250 1679 fi
1297 1645 1422 1697 em,
1465 1629 1615 1684 tales
1645 1630 1860 1683 Paulus
1891 1630 1961 1682 ad
1989 1632 2431 1702 episcopatum,
2465 1629 2681 1688 stfftim

385 1710 569 1772 atque
598 1698 836 1751 Christo
862 1713 1083 1748 nomen
1113 1696 1399 1763 dederint,
1429 1697 1675 1751 admitti
1708 1699 2000 1777 prohibet.
2038 1716 2173 1752 nam
2201 1701 2458 1753 ostendit
2486 1719 2684 1770 quan-

384 1781 517 1828 tum
559 1767 641 1821 s'it
675 1766 737 1819 in
778 1783 848 1819 ea
884 1783 949 1818 re
985 1763 1278 1837 periculi:
1330 1776 1597 1819 ventosos
1627 1783 1786 1818 emm
1815 1769 1938 1828 iere
1967 1786 2090 1821 esse
2118 1778 2382 1836 constat,
2433 1770 2682 1838 plenos-

280 1847 291 1856 ·
388 1856 503 1910 que
536 1835 959 1891 ostentatione.
1033 1836 1122 1886 lta
1158 1833 1265 1892 fiet
1307 1845 1373 1887 ut
1412 1837 1758 1915 arrogantia
1792 1844 1851 1889 et
1884 1838 2136 1919 ambitio
2170 1840 2530 1908 praecipites
2565 1856 2676 1893 eon

385 1916 547 1978 ngat.
618 1904 789 1975 Quod
821 1903 971 1956 dicit
999 1903 1243 1968 Paulus,
1278 1920 1385 1968 nos
1414 1921 1767 1973 experimur.
1822 1923 2012 1977 neque
2042 1924 2198 1960 enim
2232 1907 2302 1961 ad
2333 1909 2676 1965 audendum

386 1977 567 2038 modo
607 1970 824 2025 fervidi
867 1981 1002 2024 sunt
1038 1971 1286 2040 novitii,
1333 1973 1439 2025 sed
1477 1974 1657 2027 etiam
1695 1973 1871 2026 stulta
1908 1975 2259 2029 confidentia
2292 1973 2557 2046 turgidi,
2598 1994 2673 2033 ao

384 2047 443 2106 si
488 2044 675 2097 nubes
727 2041 1094 2094 transvolare
1146 2051 1406 2116 possent.
1487 2042 1742 2095 Proinde
1782 2060 1901 2094 non
1940 2044 2068 2097 sine
2109 2061 2285 2098 causa
2325 2048 2400 2098 ab
2437 2046 2673 2097 honore

388 2134 423 2169 e
468 2113 769 2180 iscopatus
811 2120 1125 2176 arcentur,
1183 2109 1368 2162 donec
1406 2113 1696 2179 temporis
1738 2129 2009 2165 successu
2050 2114 2268 2168 domita
2312 2116 2388 2167 si't
2415 2114 2671 2183 <ingenii

387 2182 665 2239 atitudO.
762 2181 1049 2233 Iudicium
1101 2179 1323 2230 diaboli
1371 2179 1566 2231 trihus
1617 2181 1800 2232 modis
1839 2183 2220 2251 interpretari
2265 2182 2429 2238 licet.
2513 2186 2673 2237 Nam

389 2252 699 2314 diabolum
740 2248 981 2320 quidam
1016 2264 1132 2317 upro
1172 2248 1390 2299 Satana
1431 2249 1771 2316 accipiunt,
1823 2249 1922 2300 alii
1963 2267 2067 2317 pro
2113 2251 2672 2307 calumniatoribus.

387 2322 658 2386 Priorem
684 2335 915 2371 sensum
945 2316 1131 2386 magis
1161 2333 1252 2368 am
1300 2315 1523 2382 lector,
1544 2318 1702 2395 ,quia
1730 2335 1929 2369 rarum
1965 2328 2089 2383 est,
2125 2329 2191 2374 ut
2217 2319 2512 2374 iudicium
2540 2337 2673 2373 ma-

290 2415 294 2426 ‚
388 2388 772 2463 ledicentiam
801 2385 1120 2458 significet.
1173 2386 1241 2437 Se
1309 2402 1512 2437 rursus
1537 2386 1826 2439 iudicium
1844 2387 2092 2440 Satanae
2123 2397 2246 2440 tam
2279 2392 2463 2441 active
2489 2406 2671 2460 quam

372 2454 617 2533 ‘passive
648 2455 795 2527 sumi
828 2465 1040 2525 potest.
1114 2456 1286 2508 Hunc
1313 2456 1708 2524 posteriorem
1733 2472 1970 2512 sensum
1990 2459 2439 2528 Chrysostomus
2466 2460 2671 2529 sequi-

388 2541 524 2595 tur,
571 2525 669 2581 cui
707 2542 817 2594 ego
855 2524 1029 2579 facile
1071 2522 1375 2577 assentior.
1449 2524 1552 2575 Est
1581 2525 1733 2576 enim
1763 2526 2004 2593 elegans
2030 2529 2358 2591 antithesis,
2396 2547 2547 2598 quae
2575 2529 2670 2580 in·

389 2596 746 2668 dignitatem
773 2602 983 2663 auget:
1034 2593 1094 2647 si
1126 2592 1206 2657 is,
1247 2591 1348 2660 qui
1379 2592 1723 2663 praeficitur
1750 2594 2052 2648 Ecclesiae
2082 2597 2194 2648 Dei
2216 2636 2230 2660 ,
2269 2613 2372 2648 sua
2399 2597 2668 2650 elatione

388 2668 456 2723 in
487 2665 733 2718 eandem
760 2680 893 2716 cum
923 2661 1161 2715 diabolo
1189 2661 1746 2715 condemnationem
1772 2673 1926 2714 ruat.
2016 2666 2367 2735 Quanquam
2405 2666 2667 2719 activam

388 2735 878 2804 significationem
922 2747 1038 2783 non
1074 2729 1312 2794 reiicio,
1360 2728 1505 2782 iore
1549 2739 1614 2782 ut
1659 2730 1897 2784 diabolo
1934 2749 2169 2788 causam
2211 2734 2303 2787 sui
2343 2733 2668 2787 accusandi

387 2807 697 2877 praebeat.
770 2801 882 2855 Sed
908 2800 1106 2854 verior
1133 2799 1540 2865 chrysostomi
1566 2799 1792 2872 opinio.

486 2938 487 2943 ,
524 2904 580 2973 ¹7,
671 2901 1082 2954 Testimonium
1120 2899 1186 2949 ab
1221 2900 1534 2953 extraneis.
1613 2900 2050 2956 Difficillimum
2088 2902 2210 2956 hoo
2247 2920 2370 2959 essa
2407 2902 2667 2969 videtur,
2731 2898 2738 2901 ⁴

387 2981 460 3032 nt
496 2973 627 3043 pius
665 2972 758 3024 v-ir
800 2978 980 3023 testes
1017 2969 1237 3023 habeat
1277 2969 1547 3022 infideles
1586 2986 1722 3024 suae
1761 2970 2162 3040 integritatis,
2199 2973 2302 3043 qui
2331 2972 2669 3026 mentiendi

388 3043 700 3099 adversum
738 3057 846 3092 nos
882 3038 1123 3091 libidine
1164 3037 1484 3092 insaniunt.
1567 3039 1678 3090 Sed
1703 3039 1995 3112 intelligit
2025 3044 2362 3111 Apostolus,
2412 3051 2478 3094 ut
2510 3042 2669 3111 quod

389 3112 466 3169 ad
517 3121 821 3165 externam
879 3106 1366 3175 consuetudinem
1418 3107 1597 3161 etiam
1644 3109 1914 3163 infideles
1962 3122 2257 3178 cogantur
2302 3129 2436 3171 eum
2479 3128 2668 3181 agno-3

386 3188 558 3242 scere
599 3180 850 3249 probum
888 3177 1098 3232 virum.
1194 3177 1346 3228 Nam
1389 3176 1499 3228 etsi
1541 3178 1812 3231 omnibus
1854 3178 1966 3231 Dei
2004 3179 2144 3232 filiis
2181 3181 2304 3233 sine
2344 3195 2519 3232 causa
2558 3181 2671 3233 ob·

386 3257 686 3310 trectantt
744 3263 864 3299 nnn
906 3254 1151 3314 possunt
1188 3253 1386 3297 tamen
1428 3245 1783 3301 sceleratum
1820 3248 2113 3314 iudicare,
2177 3249 2277 3319 qui
2315 3249 2563 3300 honeste
2608 3258 2671 3302 et

388 3316 749 3374 innocenter
791 3314 951 3366 inter
989 3330 1092 3375 eos
1134 3324 1403 3367 versatus
1442 3318 1536 3371 sit.
1630 3317 1837 3369 Talem
1877 3316 2197 3385 probitatis
2242 3317 2516 3369 notitiam
2560 3316 2684 3383 hio,

387 3388 600 3442 Paulus
634 3393 822 3437 notat.
907 3381 1084 3434 Ratio
1112 3381 1349 3434 additur
1380 3384 1468 3434 Nc
1499 3385 1560 3436 in
1588 3386 1856 3452 probrum
1883 3387 2109 3437 incidat
2135 3397 2249 3438 etc.
2338 3385 2510 3457 Quod
2549 3402 2694 3454 ego,

387 3456 480 3513 ita
529 3469 797 3522 exponet
858 3449 1145 3505 Infamiae
1200 3449 1539 3517 expositus,
1595 3453 1913 3518 perfrictae
1959 3455 2177 3511 ⁴frontis
2223 3472 2348 3508 esse
2395 3455 2650 3522 incipiat

384 3534 673 3592 tantoque
712 3519 944 3575 maiore
984 3517 1226 3571 licentia
1266 3536 1328 3570 se
1367 3519 1695 3588 prostituat
1736 3521 1809 3576 ad
1847 3539 2081 3576 omnem
2112 3524 2455 3594 nequitiam.
2508 3541 2627 3592 quo

390 3604 482 3656 est
511 3591 731 3644 diaboli
766 3587 952 3661 plagis
978 3606 1040 3642 se
1068 3585 1332 3641 irretire.
1417 3587 1573 3658 Quid
1604 3589 1761 3644 enim
1791 3590 1918 3663 spei
1945 3603 2161 3656 restat,
2212 3593 2313 3648 ubi
2340 3594 2539 3646 nullus
2574 3602 2675 3647 est

387 3659 675 3732 peccandi
700 3659 887 3732 pudor
903 3659 930 3712 ἲ

556 3804 619 3878 8‘.
674 3812 1013 3875 Diaconos
1041 3806 1356 3875 similiter
1381 3831 1647 3898 graves,
1705 3834 1840 3877 non
1869 3813 2239 3903 bilingues,
2280 3835 2418 3878 non
2445 3811 2675 3888 multo

385 3901 559 3971 vino*
577 3897 874 3973 deditos,
918 3916 1055 3958 non
1085 3900 1378 3984 turpiter
1401 3897 1579 3962 lucri
1606 3898 1926 3985 cupidos,
2020 3904 2080 3963 9.
2137 3899 2479 3966 Habentes
2507 3921 2694 3987 my-.

387 3987 670 4055 sterium
702 3978 851 4045 fidei
880 3984 948 4043 in
978 4000 1148 4068 pura
1175 3985 1607 4047 conscientia.
1699 3988 1797 4065 10.
1852 3981 1942 4048 Et
1983 3980 2058 4048 hi
2096 3987 2473 4069 probentur
2564 3987 2676 4047 ri-

384 4088 604 4136 mum:
655 4067 897 4131 deinde
932 4067 1318 4130 ministrent
1350 4069 1467 4130 ubi
1499 4067 2126 4154 irreprehensibiles
2153 4072 2480 4154 comperti
2545 4089 2673 4132 ue·

385 4158 552 4222 rint.
657 4155 753 4217 11.
804 4150 1072 4217 Uxores
1102 4149 1417 4214 similiter
1438 4171 1714 4238 graves,
1757 4172 1897 4216 non
1929 4153 2504 4237 calumniatrices,
2549 4172 2692 4217 so-x

384 4240 605 4314 brias,
644 4232 898 4300 ‘fideles
952 4237 1026 4298 in
1077 4238 1410 4302 omnibuS.
1531 4240 1628 4301 12.
1697 4237 1979 4301 Diaconi
2036 4243 2174 4305 sint
2220 4241 2676 4313 uniusuxo-o

386 4326 484 4404 ris
529 4323 790 4398 mariti,
866 4321 982 4404 qui
1037 4319 1322 4386 honeste
1375 4324 1677 4410 praesint
1722 4321 1960 4386 liberis
2012 4324 2080 4391 et
2137 4324 2456 4395 domibus²
2506 4325 2676 4387 suis.

391 4413 494 4474 13.
550 4408 729 4472 Nam
769 4410 887 4489 qui
934 4407 1104 4472 bene
1144 4408 1715 4493 ministraverint,
1771 4407 2054 4495 gradum
2087 4410 2220 4475 sibi
2251 4411 2501 4474 bonum
2534 4406 2679 4496 (vel
