2820 4895
327 222 624 303 ⁴⁸28·

387 381 547 472 Qui
576 393 822 455 autem
849 377 1104 473 legere
1129 378 1630 472 sustinuerint,
1661 402 1756 449 ne
1790 380 1950 451 eius
1976 374 2342 473 decipulis
2370 387 2661 476 capian-

287 476 298 486 ’
384 496 556 581 tur,
633 483 1038 557 timendum
1082 505 1234 555 non
1278 492 1410 552 est.
1543 485 1782 557 Porro
1830 506 2053 575 quum
2104 483 2436 558 laborem
2479 486 2660 558 hunc

384 610 638 659 meum
669 600 841 659 tuae
876 578 1248 656 Maiestati
1286 583 1664 655 offerendo
1704 607 1853 653 non
1886 586 2022 654 tibi
2051 586 2275 657 modo
2304 593 2662 680 privatim,

201 695 210 705 ‘
387 714 438 759 o
472 688 689 777 Rex,
738 687 1069 779 aliquam
1114 668 1622 758 observantiae
1665 685 2267 780 significationem
2296 689 2491 759 dare
2531 716 2663 764 vo-

307 780 308 785 *
385 789 701 879 luerim,
764 789 895 857 sed
928 790 1065 859 toti
1099 810 1258 857 eam
1293 789 1565 857 mundo
1600 799 1934 860 testatam
1962 786 2247 858 faeere:
2312 815 2511 860 nune
2541 817 2663 863 su·-

385 905 661 985 perest,
703 889 1138 982 suppliciter
1165 902 1248 961 ut
1266 887 1725 961 Maiestatem
1754 903 1954 960 tuam
1982 914 2263 985 rogem,
2306 916 2398 960 ne
2429 917 2663 964 meum

385 993 534 1066 'hoc
583 993 1084 1085 qualecunque
1139 990 1460 1061 studium
1503 993 1865 1086 repudiet.
1908 992 1909 999 '
1980 993 2201 1063 Certe
2235 994 2296 1063 si
2328 1019 2545 1087 quem
2580 997 2665 1065 ad

381 1098 554 1192 pios
581 1108 747 1168 tuos
780 1107 1079 1165 conatus
1111 1093 1518 1212 incitandos
1547 1093 1927 1175 stimulum
1948 1072 2311 1167 attulerit:
2367 1099 2666 1190 amplis-

385 1202 657 1271 simum
692 1200 850 1267 eius
879 1194 1203 1267 fructum
1229 1195 1490 1268 tulisse
1522 1220 1637 1266 nie
1672 1198 1973 1289 putabo.
2090 1178 2425 1293 Agedum
2476 1225 2667 1294 ergo,

385 1280 861 1393 Magnanimo
902 1298 1112 1385 Rex,
1180 1298 1440 1370 faustis
1489 1298 1766 1370 Christi
1813 1300 2156 1391 auspiciis
2207 1323 2477 1370 curam
2507 1327 2667 1372 cum

369 1407 596 1496 ,regia
641 1400 764 1473 tua
813 1400 1287 1488 celsitudine,
1345 1412 1498 1471 tum
1536 1400 1834 1471 heroica
1868 1404 2142 1474 virtute
2178 1404 2470 1494 dignam
2504 1429 2670 1475 sus·-

388 1508 600 1625 cipe,
643 1515 728 1573 ut
759 1517 1051 1573 aeterna
1083 1501 1232 1571 Dei
1264 1505 1536 1573 veritas
1556 1553 1578 1591 ,
1633 1527 1776 1595 qua
1810 1514 1886 1591 et
1913 1506 2073 1574 eius
2103 1503 2380 1597 gloria,
2426 1517 2502 1575 et
2525 1505 2667 1576 ho-

385 1609 669 1681 minum
705 1604 900 1673 salus
936 1606 1372 1692 continetur,
1404 1628 1837 1698 quacunque
1864 1609 2260 1698 imperium
2291 1621 2500 1678 tuum
2531 1633 2711 1709 Pa‘(
2776 1682 2777 1687 ,

385 1721 536 1797 tet,
602 1709 719 1775 ius
753 1731 964 1779 suum
996 1704 1430 1799 Antichristi
1464 1706 1865 1781 latrocinio.
1886 1720 2220 1804 ereptum
2251 1722 2665 1802 recuperet.

383 1807 724 1890 Arduum
757 1832 930 1877 sane
960 1830 1144 1899 opus
1176 1819 1561 1900 tantaeque
1598 1809 1810 1879 molis
1831 1860 1850 1896 ,
1903 1823 1985 1880 ut
2014 1815 2277 1883 merito
2308 1813 2669 1884 sollicitu-

385 1912 641 1983 dinem
673 1936 759 1980 ac
792 1921 1066 1987 metum
1101 1902 1219 1981 vel
1251 1911 1773 1983 cordatissimis
1804 1908 2107 1985 iniiciat.
2214 1915 2375 1983 Sed
2384 1917 2664 2013 prime,

383 2014 672 2083 nullum
724 2027 836 2087 est
875 2025 1154 2087 tantum
1204 2013 1636 2101 discrimen,
1705 2012 1904 2105 quod
1933 2037 2082 2083 non
2118 2012 2460 2087 alacriter
2489 2019 2669 2089 sub-
2780 2098 2781 2103 ἵ

310 2160 313 2167 ·
383 2118 544 2202 ire,
606 2115 804 2185 nulla
846 2115 1045 2185 tanta
1094 2114 1557 2202 difficultaS,
1589 2138 1805 2206 quam
1847 2137 1995 2183 non
2036 2128 2459 2199 constanter
2491 2142 2670 2212 per-

255 2248 258 2255 ·
343 2214 629 2305 «ferre,
692 2217 976 2288 nullum
1019 2218 1301 2288 tantum
1350 2229 1757 2305 certamen,
1804 2219 1922 2293 cui
1956 2242 2104 2288 non
2136 2221 2505 2317 intrepide
2538 2244 2667 2291 nos

387 2319 659 2390 offerre
717 2342 855 2412 pro
922 2331 1069 2411 tam
1121 2321 1545 2389 necessaria
1610 2342 1827 2391 eausa
1884 2319 2142 2391 deceat
2185 2335 2260 2393 et
2307 2334 2665 2421 oporteat.

389 2421 684 2497 Deinde
713 2423 898 2513 quia
939 2426 1325 2517 proprium
1369 2434 1478 2495 est
1504 2423 1652 2500 Dei
1696 2445 1923 2515 opus,
1990 2445 2143 2498 non
2180 2435 2330 2496 tam
2374 2422 2500 2495 hic
2546 2449 2666 2496 re.-

306 2518 310 2525 ’
385 2522 873 2617 spiciendum,
916 2546 1293 2616 quousque
1320 2547 1403 2594 se
1433 2522 1799 2594 humanae
1831 2521 2215 2617 facultates
2248 2528 2669 2616 extendant,

297 2653 301 2664 ·
385 2643 607 2717 quam
639 2624 874 2695 danda
907 2627 1064 2694 eius
1090 2627 1348 2704 virtuti
1377 2624 1636 2719 gloria,
1690 2638 1773 2697 ut
1805 2647 1894 2704 ea
1926 2647 2074 2696 non
2105 2627 2467 2699 adiutrice
2498 2654 2669 2700 mo·-

387 2727 513 2815 do,
556 2726 687 2796 sed
715 2728 1105 2802 directrice
1139 2728 1357 2799 etiam
1388 2729 1563 2806 freti
1592 2728 1785 2801 ultra
1819 2729 2019 2800 vires
2053 2729 2477 2821 uideamus,
2515 2732 2678 2824 Ec-

387 2828 660 2905 clesiae
717 2829 1014 2921 inquam
1080 2840 1156 2900 et
1206 2826 1629 2901 fundandae
1697 2841 1775 2900 et
1831 2829 2347 2902 instaurandae
2405 2855 2672 2902 munus

356 2954 538 3010 „non
589 2931 717 3001 abs
756 2954 840 3000 re
882 2932 1154 3024 passim
1200 2933 1581 3026 Scriptura
1624 2933 1791 3003 Deo
1837 2931 2187 3018 vindicat.
2314 2932 2677 3010 Praeter-
2780 2927 2781 2938 ¹

383 3056 605 3125 quam
648 3033 842 3103 enim
884 3033 1082 3123 quod
1121 3051 1241 3103 res
1283 3046 1394 3106 est
1425 3057 1562 3127 per
1589 3058 1667 3104 se
1703 3035 2003 3103 omnino
2034 3035 2324 3124 divina,
2376 3048 2451 3107 et
2487 3058 2677 3128 quae

386 3149 679 3206 omnem
724 3135 978 3205 mundi
1026 3135 1334 3228 captuni
1357 3128 1589 3230 longe
1626 3147 1957 3228 superat·
2038 3136 2478 3228 simulatque
2520 3139 2680 3206 ini-
2780 3205 2781 3208 ,

180 3257 184 3264 ·
223 3273 231 3301 ι
382 3239 572 3308 tium
619 3236 915 3327 aliquod
961 3238 1316 3329 emergit,
1376 3257 1842 3329 quascunque
1875 3240 2203 3308 nocendi
2228 3252 2420 3310 artes
2449 3239 2682 3310 habet

383 3340 649 3428 Satan,
724 3361 846 3407 eas
894 3339 1100 3430 quasi
1145 3340 1222 3407 in
1274 3363 1617 3412 acervum
1662 3340 2032 3431 congerit,
2114 3352 2199 3410 ut
2262 3341 2684 3433 longiorem
2780 3355 2781 3430 j

381 3464 857 3557 progressum
888 3440 1013 3509 vel
1041 3441 1449 3532 abrumpat,
1501 3441 1621 3511 vel
1644 3454 2004 3511 moretur.
2084 3443 2369 3518 Scimus
2400 3456 2682 3530 autem,
2780 3465 2781 3472 ¹

381 3537 642 3620 mundi
700 3543 1022 3635 principi
1082 3566 1454 3635 nunquam
1519 3543 1773 3613 deesse
1827 3544 2248 3613 innumeros
2297 3544 2685 3632 satellites,

384 3647 513 3736 qui
558 3648 651 3715 ad
697 3645 1263 3739 oppugnandum
1304 3621 1574 3734 Christi
1590 3667 1935 3737 ‚regnum
1979 3669 2277 3737 operam
2312 3670 2521 3717 suam
2554 3646 2687 3715 lo-

383 3769 555 3816 care
602 3770 896 3840 semper
938 3747 1083 3839 sint
1130 3747 1409 3838 parati,
1492 3730 1675 3835 alios
1722 3749 2019 3839 instigat
2064 3749 2409 3837 ambitio,
2444 3748 2684 3817 „alios

323 3914 328 3918 ,
380 3859 645 3917 venter
682 3848 1016 3940 impellit.
1120 3847 1333 3918 Haec
1366 3872 1501 3920 nos
1531 3849 1927 3922 certamina
1960 3872 2101 3940 pro
2133 3860 2386 3919 nostra
2418 3852 2689 3921 tenui-

382 3961 533 4021 tate
562 3951 1034 4022 mediocriter
1067 3961 1419 4021 exercent
1438 3972 1458 4036 3
1507 3962 1635 4038 tua
1664 3971 1844 4019 vero
1878 3949 2226 4024 Maiestas
2242 3950 2479 4043 longe
2514 3976 2689 4019 ma-

382 4053 582 4123 iores
618 4050 1075 4123 difficultates
1105 4051 1364 4143 procul
1396 4052 2106 4144 dubioexperietur.
2214 4054 2424 4145 Ergo
2454 4055 2689 4144 ‘quis—

382 4155 547 4244 quis
610 4154 703 4222 ad
765 4149 1344 4245 promovendam
1386 4168 1460 4224 et
1508 4153 1758 4225 salutis
1806 4156 2209 4226 doctrinam
2263 4168 2339 4224 et
2394 4153 2689 4228 Eccle-

320 4314 323 4317 .
379 4260 533 4326 siae
565 4258 868 4329 salutem
906 4258 1332 4347 aecingitur,
1378 4257 1655 4327 invicta
1686 4259 2090 4329 constantia
2120 4270 2487 4328 armatum
2520 4279 2692 4327 esse

384 4372 755 4450 oportet-r.
819 4356 1044 4450 Atqui
1090 4359 1434 4451 quoniam
1471 4381 1598 4430 -res
1647 4371 1756 4433 est
1799 4359 2398 4438 viribus-nostris
2430 4384 2696 4457 *supe-3

943 4481 952 4506 l

513 4513 516 4522 ι

544 4663 554 4672 ι

445 4709 474 4722 1.

461 4725 480 4736 a.
