2820 4895
321 205 449 268 246
586 241 589 246 -
806 297 813 304 .
890 198 996 269 m
1056 167 1677 311 asisroaaa
1725 196 2092 308 aaut&
2175 228 2184 232 ·

333 383 517 438 quum
540 383 728 441 nuper
754 367 1122 440 apparuisset
1152 364 1420 423 Christus
1458 384 1596 422 cum
1629 375 1752 421 tam
1781 365 2087 444 praeclaro
2117 368 2395 446 pignore,
2443 376 2506 442 et
2536 366 2644 422 ad-

333 436 450 494 huc
477 441 541 493 in
568 437 845 494 terris‘ex
873 442 996 493 eius
1029 455 1131 490 ore
1163 438 1502 492 suavissima
1542 439 1646 492 illa
1687 455 1814 496 vox,
1836 437 2255 508 propemodum
2292 449 2639 494 resonaret:

337 510 549 566 Venite
577 511 653 577 ad
678 526 776 565 mc
797 525 997 565 omnes
1023 509 1266 578 (Matth.
1294 511 1382 577 12,
1400 507 1518 578 28.)
1552 519 1668 563 etc.
1731 519 1901 565 erant
1924 517 2120 562 tamen
2151 508 2392 581 quidam
2428 511 2646 563 fallen-

339 581 402 640 di
436 581 729 648 artifices,
782 581 883 651 qui
923 578 1318 651 Angelospro
1359 579 1786 633 mediatoribus
1826 581 2208 633 obtruderent
2247 583 2427 650 ipsius
2470 579 2646 634 locos

272 705 275 708 .
342 651 840 723 quemadmodum
861 665 932 703 ax
962 649 1310 720 epistolaad
1340 650 1712 703 Colossenses
1740 652 1819 715 (2,
1850 651 1961 717 18.)
1993 651 2277 718 colligere
2299 661 2650 720 promptum

344 730 453 775 est.
524 721 637 774 Sed
678 722 834 791 quod
869 729 1014 776 tunc
1047 719 1379 773 clanculum
1413 719 1768 798 moliebatur
1791 721 2004 788 Satan,
2044 722 2151 772 sub
2173 724 2407 789 Papam
2445 738 2515 774 eo
2552 738 2651 772 ns-

344 795 459 862 que
493 793 797 861 perduxit,
850 801 917 844 ut
950 793 1048 844 vix
1084 783 1428 845 millesimus
1463 791 1706 862 quisque
1743 790 2131 843 mediatorem
2172 790 2504 853 Christum,
2556 787 2652 841 vel

343 860 520 916 titulo
558 871 729 914 tenus
767 869 1135 930 agnosceret.
1202 863 1394 932 Atque
1431 860 1518 911 ita
1558 861 1845 930 sepultum
1872 870 1997 913 erat
2026 876 2276 928 nomen,
2309 869 2375 913 ut
2401 877 2495 912 res
2522 877 2654 911 ma-

388 934 431 983 's
472 942 625 986 esset
663 932 890 1002 ignota.
987 933 1161 986 Nunc
1197 940 1720 1002 postquam'sanos
1763 930 2004 1001 piosque
2047 930 2316 983 doctores
2367 930 2656 983 excitavit

342 948 682 1074 geussqui
714 1011 995 1072 tanquam
1025 997 1388 1071 postliminio
1421 1011 1698 1053 revocare
1732 999 1795 1052 in
1819 999 2125 1053 hominum
2150 1001 2497 1053 memoriam
2527 1013 2657 1053 stu-

348 1073 602 1128 duerunt
639 1073 793 1143 quod
828 1089 1013 1125 unum
1051 1087 1122 1124 ex
1157 1072 1486 1124 notissimis
1524 1072 1661 1124 fidei
1687 1079 1923 1124 nostrae
1950 1071 2255 1143 principiis
2285 1089 2408 1124 esse
2437 1070 2655 1122 debue-

349 1137 477 1198 ra't:
532 1144 733 1199 omnia
771 1139 1115 1212 excogitant
1153 1143 1557 1196 Romanenses
1596 1138 1923 1212 sophistae,
1983 1143 2191 1213 quibus
2227 1158 2351 1193 rem
2388 1142 2658 1193 clarissi-

350 1229 515 1268 mam
542 1215 875 1268 obscurent.
948 1213 1214 1266 Primum
1244 1215 1330 1267 ita
1356 1212 1476 1265 illis
1500 1230 1717 1266 nomen
1744 1221 1833 1265 est
1856 1213 2128 1279 invisum,
2156 1224 2242 1280 ut,
2278 1212 2329 1266 si
2355 1211 2656 1282 quispiam

353 1283 574 1341 Christi
611 1282 953 1337 mediatoris
992 1283 1182 1352 faciat}
1213 1283 1570 1336 mentionem
1607 1283 1944 1353 praeteritis
1983 1284 2238 1348 sanctis,
2289 1299 2427 1335 mox
2469 1283 2663 1354 suspi-

355 1356 528 1410 cione
572 1363 850 1426 gravetur
889 1345 1232 1407 haereseos?
1293 1353 1450 1424 Quia
1488 1360 1684 1407 autem
1719 1353 2024 1422 repudiare
2062 1354 2126 1407 in
2165 1362 2354 1405 totum
2391 1369 2511 1404 non
2553 1369 2661 1404 au-

350 1425 523 1494 dent,
573 1426 729 1497 quod
767 1424 868 1480 hic
906 1440 941 1476 a
969 1422 1151 1478 Paulo
1188 1423 1462 1491 docetur,
1509 1424 1729 1477 insulso
1770 1433 2103 1476 commento
2147 1423 2418 1478 eludunt:
2467 1439 2662 1476 unum

351 1494 589 1562 vocari,
629 1503 747 1548 no'n
786 1495 994 1548 solum.
1069 1495 1249 1617 (guasi
1277 1511 1460 1547 unum
1489 1512 1558 1548 ex
1586 1511 1794 1565 magna
1822 1494 1996 1548 turba
2022 1497 2217 1550 Deum
2243 1494 2663 1550 nominaverit.

359 1566 698 1621 cohaerent
724 1568 885 1620 enim
909 1563 1056 1617 haec
1128 1582 1202 1619 uo
1241 1564 1561 1619 membraz·
1585 1566 1777 1619 Un'um
1816 1582 1940 1618 esse
1961 1567 2153 1618 Deuin
2172 1602 2190 1633 ,
2230 1574 2287 1616 et
2317 1582 2493 1617 unum
2520 1565 2663 1616 Me·-

352 1635 668 1691 diatorem.
775 1638 976 1707 Quare
1030 1637 1130 1705 qui
1170 1633 1470 1689 Christum
1519 1652 1701 1688 unum
1750 1635 2008 1706 aliquem
2050 1653 2119 1687 ex
2161 1636 2359 1687 multis
2403 1634 2660 1703 faciunt,

350 1706 513 1761 idem
554 1707 628 1759 ad
656 1708 848 1761 Deum
884 1721 1119 1779 quoque
1144 1707 1387 1760 trahant
1421 1717 1673 1776 oportet.
1748 1710 1834 1759 An
1876 1723 1944 1759 eo
1980 1715 2427 1776 prorumperent
2462 1707 2663 1770 impu-

356 1777 594 1832 dentiae
611 1814 629 1842 ,
665 1777 780 1830 nisi
803 1793 1018 1830 caecus
1043 1777 1210 1831 furor
1232 1777 1307 1829 ad
1333 1776 1776 1854 opprimendam
1803 1776 2022 1829 Christi
2051 1777 2298 1845 gloriam
2330 1793 2428 1827 eos
2455 1779 2663 1845 raph-

356 1846 491 1899 ret?
563 1847 674 1900 Alii
699 1848 810 1901 sibi
841 1848 1112 1899 videntur
1136 1849 1459 1920 acutiores,
1498 1846 1635 1918 dum
1666 1845 1959 1900 Christum
1983 1851 2221 1916 unicum
2252 1856 2512 1899 statuunt
2525 1848 2664 1897 Me-

356 1917 647 1971 diatorem
683 1919 885 1971 redem
929 1919 1134 1972 tionis:
1182 1928 1412 1971 sanctos
1442 1926 1639 1982 autem
1674 1917 2113 1971 intercessionis
2157 1917 2508 1970 mediatores
2544 1932 2664 1967 no—

244 1987 255 1996 ‘
353 1988 606 2041 r'ninant.
680 1989 852 2058 Atqui
926 2005 1091 2041 orum
1123 1987 1355 2060 quoque
1382 1988 1775 2042 insulsitatem
1815 1987 2232 2057 coarguit¹loci
2262 1989 2665 2042 circumstan-

355 2059 478 2125 tia,
518 2058 991 2141 quandoquidem
1021 2059 1119 2112 hic
1149 2059 1182 2111 d
1246 2059 1518 2127 precibus
1555 2075 1623 2110 ex
1651 2060 1910 2128 professo
1938 2067 2245 2111 tractatur.
2316 2058 2430 2132 Pro
2470 2056 2663 2111 omni-

356 2123 501 2197 bus,
537 2144 810 2199 inquam,
847 2144 1051 2198 orare,
1093 2130 1190 2200 Spi
1228 2130 1341 2200 itus
1370 2127 1685 2201 praecipit,
1731 2131 1867 2200 quia
1896 2130 2100 2181 unicus
2135 2136 2332 2179 noster
2361 2129 2663 2198 Mediator

358 2201 559 2252 omnes
601 2199 676 2251 ad
711 2215 772 2252 se
816 2199 1119 2255 admittat:
1182 2199 1357 2253 sicuti
1401 2210 1593 2251 morte
1645 2214 1749 2252 sua
1787 2213 1987 2253 omnes
2027 2198 2433 2253 reconciliavit
2474 2197 2662 2253 Patri.

356 2265 445 2323 Et
466 2265 651 2321 adhuc
684 2269 1004 2322 Christiani
1047 2271 1270 2324 censeri
1312 2269 1545 2337 volunt,
1601 2270 1703 2340 qui
1737 2280 1861 2321 tam
1901 2269 2182 2339 sacrilega
2211 2270 2459 2321 audacia
2490 2269 2665 2320 Chri·

342 2348 513 2394 stum
544 2339 801 2408 spoliant
828 2353 931 2392 suo
957 2339 1197 2394 hon'ore.
1268 2340 1568 2393 obiicitur
1595 2351 1795 2392 tamen
1829 2340 1984 2410 quod
2025 2340 2281 2410 speciem
2319 2354 2664 2409 repugnan⁴

357 2411 482 2466 tiae
516 2409 748 2466 habeat.
832 2426 969 2464 nam
1011 2410 1125 2463 hoc
1166 2408 1293 2480 ipso
1332 2410 1465 2465 loco
1497 2408 1709 2463 Paulus
1748 2410 1912 2471 iubet
1947 2415 2055 2463 'nos
2093 2426 2200 2480 pro
2244 2410 2375 2464 aliis
2407 2410 2664 2462 interce-

262 2540 271 2557 ,
360 2483 530 2535 dere:
566 2483 720 2551 quod
750 2479 825 2532 ad
850 2483 1145 2541 Romanos
1174 2497 1304 2550 cap.
1328 2482 1380 2548 8,
1416 2478 1501 2534 34.
1549 2479 1781 2534 Christo
1826 2483 1996 2554 quas'i
2036 2481 2343 2551 proprium
2384 2484 2666 2551 assignat.

361 2552 740 2621 Respondeo,
775 2562 1112 2605 sanctorum
1142 2552 1621 2619 intercessiones,
1660 2553 1866 2623 quibus
1907 2569 1970 2604 se
1998 2564 2203 2604 mutuo
2230 2551 2460 2618 iuvant,
2507 2551 2666 2619 apud

360 2623 552 2679 Deum
576 2622 820 2691 minime
845 2623 1110 2692 obstare,
1145 2620 1457 2693 quominus
1485 2630 1686 2673 tamen
1711 2623 1946 2674 unicum
1981 2637 2182 2675 omnes
2212 2622 2667 2676 intercessorem

362 2691 639 2747 habeant.
711 2694 900 2746 Nemo
929 2694 1084 2745 enim
1116 2692 1203 2744 vel
1229 2708 1336 2762 pro
1365 2709 1462 2758 se,
1519 2692 1610 2744 vel
1665 2699 1748 2744 ‘ro
1785 2693 1938 2760 alio,
1990 2693 2104 2749 nisi
2144 2691 2361 2746 Christi
2395 2694 2666 2762 patroci-

361 2763 464 2815 nio
502 2763 718 2833 fretus,
765 2763 1092 2817 exauditur.
1163 2762 1334 2847 Quod
1366 2762 1575 2839 itaque
1609 2778 1643 2812 a
1668 2761 1710 2813 ii
1733 2780 1839 2833 pro
1868 2762 2477 2828 aliis'intercedimus,
2516 2764 2665 2815 adeo

362 2849 482 2887 non
524 2833 1204 2903 ‘rollitunicamChristi
1242 2832 1754 2900 intercessionem,
1806 2840 1874 2885 ut
1910 2833 2045 2886 inde
2089 2834 2344 2886 maxime
2383 2834 2666 2902 pendeat,

363 2920 549 2972 coque
592 2902 900 2967 referatur.
975 2904 1213 2956 Puta'bit
1253 2904 1577 2972 quispiam,
1615 2919 1719 2954 nos
1751 2903 1930 2972 igitur
1955 2920 2123 2973 posse
2152 2903 2326 2956 facile
2356 2903 2669 2957 conciliari

364 2990 501 3027 cum
538 2974 821 3043 Papistis,
879 2973 926 3026 si
971 2975 1180 3028 unicae
1224 2974 1442 3027 Christi
1482 2973 1888 3027 intercessioni
1929 2970 2249 3027 subiici'ant
2289 2987 2669 3043 quascunque

362 3045 476 3114 ipsi
507 3045 721 3096 sanctis
751 3044 1037 3099 tribuunt.
1110 3046 1242 3097 Non
1272 3045 1359 3098 ita
1389 3055 1500 3098 est:
1536 3060 1676 3095 nam
1704 3044 1834 3098 ideo
1865 3042 2226 3096 transferunt
2262 3043 2672 3096 intercedendi

369 3114 626 3167 officium
658 3113 729 3166 ad
761 3124 1014 3181 sanctos,
1051 3115 1327 3184 quoniam
1351 3115 1498 3169 alias
1527 3115 1761 3167 destitui
1787 3131 1893 3166 nos
1922 3116 2203 3169 advocato
2232 3113 2478 3183 fingunt.
2539 3114 2674 3167 Hoc

366 3195 455 3237 est
498 3186 731 3256 vulgare
778 3185 935 3240 inter
974 3186 1130 3267 ipsos
1171 3186 1560 3255 principium,
1612 3202 1717 3236 nos
1757 3174 2020 3254 patronis
2061 3202 2204 3256 opus
2241 3184 2488 3251 habere,
2530 3186 2675 3254 quia

364 3255 590 3324 indigni
630 3272 866 3322 sumus,
917 3272 1017 3326 qui
1058 3271 1162 3324 per
1201 3272 1307 3308 nos
1346 3264 1734 3325 appareamus
1765 3257 1824 3307 in
1851 3256 1962 3308 Dei
1994 3265 2384 3324 conspectum.
2457 3256 2549 3317 Ita
2584 3250 2676 3306 Io-

365 3326 598 3394 quendo
639 3325 935 3378 Christum
971 3325 1194 3379 honore
1235 3343 1337 3379 suo
1384 3327 1634 3393 privant.
1711 3326 1936 3378 Deinde
1979 3326 2332 3379 exsecranda
2380 3334 2468 3376 est
2516 3326 2676 3378 blas·

362 3395 653 3464 phemia,
678 3395 960 3466 affingere
986 3396 1202 3446 sanctis
1234 3397 1578 3465 dignitatem
1596 3433 1612 3460 ,
1651 3413 1798 3469 quae
1823 3397 1991 3448 nobis
2025 3398 2176 3468 apud
2196 3397 2388 3449 Deum
2415 3396 2676 3465 gratiajn

284 3496 291 3501 -
366 3467 659 3524 conciliet.
733 3483 767 3517 a
801 3482 915 3534 quo
943 3462 1065 3517 tain
1092 3465 1266 3535 longe
1307 3466 1520 3518 absunt
1549 3477 1671 3517 tam
1700 3466 2023 3535 Prophetae
2066 3483 2267 3525 omnes
2302 3483 2481 3535 quam
2511 3470 2679 3536 Apo—

367 3537 502 3592 stoli
531 3546 588 3589 et
619 3536 946 3605 Martyres,
988 3551 1051 3588 us
1095 3552 1166 3587 ue
1195 3535 1269 3589 ad
1301 3537 1454 3605 ipsos
1481 3535 1751 3606 Angelos,
1790 3546 1855 3589 ut
1882 3544 2133 3606 patrono
2161 3537 2271 3606 ipsi
2301 3553 2681 3607 quoqueeo*

366 3607 502 3660 dem
549 3604 855 3660 nobiscum
897 3623 1037 3674 opus
1120 3605 1354 3664 abeant.
1422 3607 1650 3661 Deinde
1676 3624 1905 3660 merum
1936 3616 2024 3660 e‘st
2052 3607 2429 3679 figmentum,
2470 3615 2682 3660 natum
2749 3606 2753 3611 ’

365 3676 432 3733 in
478 3692 680 3729 eorum
725 3675 1017 3744 cerebris,
1058 3686 1320 3730 mortuos
1349 3693 1457 3745 prb
1486 3677 1655 3730 nobis
1684 3676 2074 3741 intercedere.
2146 3681 2298 3744 Ergo
2330 3678 2393 3728 in
2428 3695 2497 3729 eo
2541 3677 2682 3729 fun·

334 3747 507 3798 ”dare
542 3763 752 3817 preces
785 3755 1053 3814 nostras,
1090 3758 1208 3800 ‚est
1259 3746 1440 3800 fidem
1488 3749 1720 3817 penitus
1765 3767 1798 3799 a
1837 3749 1950 3801 Dei
1989 3749 2359 3800 invocatione
2402 3747 2680 3803 avellere·

368 3819 542 3885 Atqui
572 3816 783 3873 Paulus
811 3817 1070 3889 regulam
1098 3817 1213 3872 Dei
1252 3820 1368 3870 rite
1409 3819 1721 3872 invocandi
1758 3819 2141 3888 praescribit,
2190 3819 2365 3871 fidem
2396 3835 2467 3870 ex
2498 3816 2681 3870 verbo

364 3887 477 3939 Dei
513 3898 893 3957 conceptam,
937 3886 1111 3944 Rom.
1154 3905 1282 3959 cap.
1316 3891 1399 3954 10,
1438 3889 1517 3943 17.
1603 3890 1823 3941 Merito
1865 3888 2066 3960 itaque
2106 3889 2479 3959 repudiamus
2524 3885 2683 3958 quod

364 3956 583 4020 curiosi
612 3957 879 4011 homines
912 3968 1074 4010 extra
1102 3959 1212 4011 Dei
1242 3956 1479 4011 verbum
1510 3959 1926 4028 imaginantur.
2003 3958 2114 4012 Sed
2146 3976 2219 4010 ne
2252 3957 2535 4027 prolixior
2567 3959 2684 4011 sim

368 4043 546 4098 quam
575 4028 689 4079 loci
733 4028 1016 4098 expositio
1057 4028 1323 4098 flagitat,
1364 4046 1593 4080 summa
1630 4031 1740 4097 sit,
1781 4028 2010 4082 Christo
2042 4046 2154 4081 uno
2183 4029 2312 4080 fore
2345 4036 2680 4096 contentos,

367 4098 468 4166 qui
498 4114 632 4149 vere
651 4098 967 4152 didicerint
997 4098 1439 4155 eius'officium':
1471 4099 1823 4153 mediatores
1842 4098 1952 4151 sibi
1977 4098 2477 4169 proprialibidine
2494 4098 2687 4149 fabri-

369 4186 504 4221 care
525 4186 726 4221 eorum
749 4186 896 4235 esse,
922 4170 1021 4252 qui
1036 4186 1144 4220 nec
1161 4172 1350 4222 Deum
1372 4187 1483 4222 nec
1501 4170 1796 4227 Christum
1820 4180 2125 4239 noverunt.
2153 4169 2337 4221 'Unde
2355 4169 2682 4238 constituo,

368 4239 735 4307 Papistarum
768 4238 1128 4306 doctrinam,
1146 4256 1314 4310 ,quae
1343 4249 1405 4291 et
1434 4236 1654 4293 Christi
1682 4241 2072 4309 patrocinium
2101 4238 2375 4292 obscurat
2403 4238 2524 4290 imo
2555 4238 2687 4291 fera

370 4310 631 4377 sepelit,¹
653 4318 712 4362 et
736 4309 976 4362 fictitios
1008 4310 1236 4362 inducit
1264 4319 1541 4380 patronos
1576 4311 1793 4381 absque
1820 4310 1935 4363 ullo
1952 4311 2287 4380 Scripturae
2312 4310 2685 4375 testimoniet

369 4382 496 4434 tum
524 4380 741 4457 impiae
774 4380 1155 4450 diffidentiae,
1193 4388 1322 4436 tum
1346 4381 1529 4436 ctiam
1553 4383 1769 4455 impiae
1800 4383 2147 4437 temeritatis
2172 4379 2410 4453 plenam
2446 4396 2592 4437 esse.
