2820 4895
206 246 301 306 s
646 193 651 199 ’
815 210 2104 347 ιΝΈΡιὶεἰόιΔΕῬΑ-υιιῗ
2193 214 2198 217 ’

259 412 490 477 factos,
535 426 659 463 nou
687 410 945 465 fortuito
976 409 1177 481 aliquo
1207 425 1349 469 casu
1384 418 1492 464 aut
1524 411 1841 480 repentina
1871 412 2211 465 occasione.
2294 410 2560 466 Verbum

263 487 463 534 autem
490 479 874 565 Benqdicends'
905 479 1007 532 hic
1042 479 1210 531 varie
1247 479 1571 550 accipitur,
1621 490 1802 549 prout
1828 480 1925 533 vel
1953 481 2026 532 ad
2051 482 2248 533 Deum
2271 481 2560 547 refertur,

262 549 359 603 vel
403 547 478 601 ad
523 547 815 601 homines.
888 547 1125 618 reperio
1177 557 1381 601 autem
1431 548 1886 618 quadruplicem
1935 547 2439 619 significationem
2493 547 2560 600 in

265 617 589 686 Scriptura.
676 619 905 671 Nostra
936 634 1078 687 erga
1108 618 1302 670 Deum
1327 617 1665 671 benedictio
1686 655 1704 685 ,
1753 617 1942 670 laudis
1973 626 2097 683 est,
2134 614 2430 669 dum'eius
2456 617 2565 669 be-

265 686 655 739 neficentiam
711 687 1140 754 praedicamus.
1226 687 1412 738 Deus.
1443 695 1654 739 autem‘
1696 686 1868 738 nohis
1921 684 2142 738 dicitur
2195 685 2563 750 benedicere,

267 752 452 825 quu'm
492 754 740 807 felicem
778 756 955 807 rebus
994 752 1218 809 nostris
1258 754 1360 805 dat
1396 770 1766 822 successum,
1811 764 1870 806 et
1898 770 2010 807 nos
2036 771 2140 806 sua
2169 753 2574 821 beneficentia

266 823 685 894 prosequitur,
722 824 805 875 ita
839 833 905 876 ut
946 824 1100 875 bene
1139 828 1199 873 et
1241 838 1531 890 prospere
1567 825 1643 876 sit
1681 823 1868 875 nobis.
1917 822 2078 874 ratio
2109 828 2226 888 est,
2266 822 2410 892 quia’
2433 822 2563 874 solo

222 916 227 923 ·
271 891 400 944 eius
429 900 578 943 nutu
608 893 763 944 beati
793 909 1015 945 sumus.
1065 891 1204 947 ideo
1231 892 1491 943 notanda
1522 900 1611 945 est
1635 892 1939 960 loquutio,
1980 906 2098 960 qua
2124 891 2432 961 eleganter
2467 906 2568 942 ex·

267 960 513 1030 primit,
563 971 852 1029 quantum
899 961 1090 1015 subsit
1132 959 1376 1012 virtutis
1419 959 1656 1029 inxsolo
1696 961 1828 1012 eius
1873 963 2088 1016 Verbo.
2135 959 2412 1013 homines
2451 958 2568 1011 sihi

254 1039 478 1083 mutuo
526 1029 885 1082 benedicunt
924 1029 1244 1097 precando.
1298 1086 1303 1089 ,
1340 1028 1743 1083 sacerdotalis
1786 1027 2131 1082 benedictio
2178 1046 2323 1098 erga
2357 1028 2570 1080 Eccle-

266 1098 425 1151 siam
459 1105 521 1148 et
561 1114 1042 1168 unumquemque
1070 1097 1376 1164 fidelium,
1426 1097 1582 1151 ultra
1610 1096 2021 1166 precationem
2048 1097 2165 1150 hoc
2196 1113 2431 1167 quoque
2463 1097 2575 1148 ha·-

269 1168 404 1232 bet,
452 1167 618 1236 quod
658 1169 1064 1219 testimonium
1103 1176 1165 1217 et
1206 1167 1369 1236 quasi
1418 1168 1633 1236 pignus
1677 1177 1767 1219 est
1797 1167 2053 1237 Divinae
2093 1164 2565 1219 benedictionis:

268 1234 407 1314 quia
447 1235 600 1289 haec
634 1236 856 1305 legatio
889 1235 1305 1289 Sacerdotibus
1346 1245 1437 1289 est
1479 1233 1827 1302 commissa,
1877 1245 1945 1289 ut
1976 1235 2328 1288 benedicant
2357 1233 2430 1284 in‘
2457 1251 2582 1293 κιο,ι
2661 1252 2678 1271 ³

268 1318 434 1358 inme
462 1304 723 1359 Domini.
798 1306 1013 1358 Paulus
1046 1319 1200 1372 ergo
1240 1304 1338 1358 hic
1363 1305 1560 1357 Deum
1602 1304 1907 1358 benedicit
1939 1302 2130 1356 laudis
2167 1299 2566 1369 confessione,

271 1373 416 1449 quia
454 1391 565 1428 nos.
594 1377 972 1441 benedixerit,
1021 1373 1140 1426 hoc
1180 1383 1273 1426 est
1311 1372 1771 1443 locupletaverit
1813 1373 1976 1426 omni
2012 1371 2427 1425 benedictione
2468 1371 2567 1424 vel

271 1436 488 1512 gr‘at'ia.
563 1443 697 1494 Non
726 1459 997 1512 repugno
1030 1442 1492 1510 Chrysostomo,
1524 1441 1671 1523 tquin
1700 1443 2031 1511 epithetum
2061 1432 2395 1507 Spiritua'lis
2427 1456 2569 1492 con·

269 1513 465 1564 tineat
503 1512 750 1564 tacitam
794 1511 1126 1564 antithesin
1167 1512 1328 1564 inter
1364 1513 1686 1564 Mosaicam
1714 1522 1775 1562 et
1805 1510 2027 1563 Christi
2057 1508 2566 1563 benedicti'onem.

172 1594 179 1601 ‘
267 1582 395 1634 Lex
441 1576 611 1640 enim'
648 1581 863 1633 habuit
902 1594 1057 1633 suas‘
1079 1580 1570 1645 benedictiones,
1621 1581 1730 1635 sed⁴
1756 1579 2050 1649 perfectio
2085 1596 2206 1632 non
2241 1590 2330 1643 est
2360 1577 2475 1631 nisi
2505 1578 2571 1632 in

273 1650 549 1703 Christo:
601 1650 742 1720 quia
781 1650 876 1702 hic
915 1650 1184 1717 perfecta
1225 1658 1315 1700 est
1342 1649 1646 1705 ,revelatio
1690 1650 1870 1719 regni
1900 1649 2045 1715 Dei,
2092 1665 2241 1717 quae
2263 1664 2375 1705 nos
2402 1656 2570 1700 recta

272 1718 340 1774 in
378 1718 607 1771 coelum
655 1717 851 1775 ducit.
887 1718 1134 1788 proinde
1179 1711 1334 1769 nihil
1372 1736 1519 1785 opus
1558 1718 1806 1787 figuris,
1857 1717 1960 1772 ubi
1996 1734 2215 1785 corpus
2248 1716 2442 1785 ipsum
2479 1725 2572 1768 est

230 1794 234 1800 “
273 1788 636 1841 exhibitum.
672 1798 677 1803 ’
723 1789 918 1857 Quum
954 1786 1133 1840 dicit:
1194 1789 1267 1839 In
1297 1788 1664 1855 coelestibus,
1714 1804 1838 1842 non
1878 1787 2131 1839 multum
2168 1788 2388 1851 refert,
2433 1786 2588 1838 sub·-

279 1856 485 1909 audias
516 1858 687 1911 Locis
714 1873 785 1907 an
817 1855 1015 1909 Bonis.
1100 1858 1354 1910 Tantum
1387 1856 1574 1908 voluit
1598 1856 1864 1909 indicare
1892 1853 2318 1925 praestantiam
2343 1855 2573 1924 gratiae
2650 1876 2655 1879 ·

277 1942 429 1995 quae
456 1943 563 1994 per
593 1927 893 1979 Christum
923 1924 1092 1977 nobis
1117 1925 1461 1989 confertur,
1500 1926 1637 1994 quia
1666 1926 1901 1978 scilicet
1928 1941 2053 1978 non
2081 1923 2144 1975 in
2174 1924 2433 1991 mundo,
2471 1923 2575 1977 sed

274 1995 341 2047 in
386 1994 558 2047 ‘c'oelo
605 2003 665 2047 et
702 1994 818 2046 vita
859 2003 1109 2049 aeterna
1152 2011 1261 2063 nos
1301 1994 1487 2046 faciat
1519 1996 1743 2049 beatos.
1827 1994 2025 2046 Habet
2067 1989 2569 2063 quidem'religio

277 2064 629 2127 Christiana*
660 2068 753 2130 (ut
795 2062 942 2115 alibi
980 2063 1188 2128 docet,
1239 2066 1286 2120 1.
1315 2063 1471 2117 Tim.
1499 2063 1554 2128 4,
1583 2065 1658 2126 8.)
1713 2057 2131 2132 promissiones
2171 2077 2291 2115 non
2331 2059 2574 2114 futurae

196 2188 199 2191 ,
276 2133 438 2184 vitae
469 2134 691 2197 ,modo,
739 2132 841 2183 sed
878 2133 1050 2184 etiam
1091 2135 1439 2200 praesentis.
1496 2149 1710 2202 scopus
1737 2143 1937 2184 tamen
1962 2140 2051 2183 est
2076 2129 2407 2199 spiritualis
2439 2128 2576 2182 feli-

275 2202 463 2254 citas:
513 2201 690 2255 sicuti
725 2201 945 2253 Christi
986 2218 1242 2280 regnum
1284 2213 1371 2253 est
1410 2202 1745 2268 spirituale.
1833 2200 2138 2253 Christum
2180 2199 2434 2268 opponit
2474 2201 2572 2250 Iu·
2607 2206 2614 2213 “

277 2270 470 2336 deicis
511 2271 780 2323 omnibus
819 2270 1140 2339 symbolis„
1191 2271 1408 2340 quibus
1453 2271 1689 2324 inclusa
1723 2268 2218 2324 fuitfbenedictio
2249 2268 2358 2321 sub
2390 2268 2572 2339 Lege.

268 2355 416 2394 nam
448 2338 559 2401 uhi,
581 2339 855 2399 Christus
875 2339 1059 2402 ,illic
1084 2344 1449 2405 supervacua
1480 2348 1619 2391 sunt
1653 2357 1718 2393 ea
1751 2339 1969 2392 oinnia.
2107 2392 2108 2401 ,
2321 2338 2328 2344 ’

415 2409 469 2461 4.
557 2407 1063 2480 Quemadmodum
1115 2426 1222 2478 nos
1278 2411 1459 2475 elegit.
1542 2409 1667 2466 Hic
1719 2409 2173 2463 fundamentum
2218 2415 2276 2460 et
2320 2402 2576 2474 primam‘

278 2491 525 2531 causam.
566 2488 689 2536 tam
746 2479 1085 2532 vocationis
1137 2488 1410 2545 nostrae,
1473 2495 1647 2548 quam
1686 2481 1983 2533 bonorum
2030 2476 2299 2529 omnium
2345 2472 2503 2543 qua&
2538 2490 2575 2526 a

224 2563 225 2570 ¹
279 2548 411 2600 Deo
458 2545 861 2617 percipimus,
917 2548 1063 2600 facit
1107 2558 1414 2602 aeternam
1458 2550 1589 2601 erus
1633 2548 2005 2601 electionem.
2098 2548 2258 2613 Ergo
2303 2543 2355 2597 si
2403 2559 2577 2595 causa

276 2616 622 2685 quaeritur,
682 2634 789 2669 cur
840 2634 954 2679 nos
1007 2616 1069 2669 in
1109 2615 1425 2687 Evangelii
1484 2615 2007 2687 participationem
2049 2612 2581 2677 vocaverit'Deus,

238 2722 250 2741 .
281 2701 391 2737 cur
429 2694 522 2736 tot
552 2684 869 2750 beneficiis
909 2686 1175 2756 quotidie
1216 2704 1322 2748 nos
1362 2686 1672 2755 dignetur,
1709 2702 1819 2739 cur
1844 2684 2015 2738 nobis
2050 2684 2287 2736 coelum
2313 2681 2579 2750 aperiat:

281 2770 521 2822 semper
549 2755 916 2808 redeundum
942 2765 1030 2807 est
1057 2755 1126 2807 ad
1157 2756 1313 2806 istud
1343 2754 1746 2824 principium:
1789 2753 1944 2824 Quia
1969 2752 2223 2819 scilicet,
2257 2760 2580 2820 antequam

209 2883 221 2897 Ι
282 2823 542 2875 mundus
580 2833 762 2889 esset,
808 2837 914 2877 nos
955 2824 1156 2896 elegit.
1241 2825 1428 2877 Porro
1465 2842 1535 2878 ex
1564 2825 1695 2902 ipsso
1726 2829 2002 2892 tempore
2036 2820 2439 2891 colligendum
2469 2828 2580 2887 est,

283 2892 621 2963 gratuitam·
660 2909 785 2945 esse
828 2893 1205 2946 electionem.
1274 2910 1410 2945 nam
1458 2910 1611 2962 quae
1653 2894 1850 2961 potuit
1888 2902 2093 2944 nostra
2142 2908 2266 2942 esse
2304 2890 2579 2957 dignitas,
2639 2955 2647 2962 ⁵

285 2968 388 3013 aut
446 2962 744 3029 quodnam
796 2961 1019 3020 exstitit
1070 2972 1356 3015 nostrum.
1396 2963 1711 3030 meritum,
1766 2969 1904 3013 ante
1951 2976 2088 3013 uam
2129 2959 2384 3012 mundus
2425 2965 2582 3010 es‘set

287 3029 610 3088 conditus?
684 3031 929 3094 Puerile
963 3032 1123 3084 enim
1168 3041 1257 3083 est
1291 3030 1574 3084 cavillum
1616 3029 1764 3090 illud
1806 3047 1911 3099 sop
1958 3028 2228 3083 isticumz
2277 3029 2410 3081 Non
2450 3028 2582 3080 ideo

112 3109 121 3150 l
216 3165 221 3168 Α
282 3115 391 3152 nos
420 3097 641 3152 electos
673 3116 829 3164 esse,
916 3100 1012 3151 uia
1042 3100 1158 3152 iam
1189 3100 1449 3153 essemus
1478 3099 1681 3170 digni,
1732 3100 1833 3151 sed
1860 3099 2000 3219 quia
2030 3098 2234 3169 dignos
2258 3097 2394 3150 fore
2419 3098 2584 3149 Deus

286 3165 692 3234 praevidebat.
769 3169 882 3220 Per
920 3170 990 3220 iti
1031 3169 1190 3222 enim
1230 3186 1437 3220 omnes
1478 3185 1682 3222 sumus
1726 3170 1788 3220 in
1824 3171 1868 3221 A

222 3242 226 3245 ’
286 3235 488 3288 ctione
521 3252 624 3288 sua
655 3236 911 3290 redimat
935 3255 1045 3290 nos
1067 3239 1232 3291 Deus
1258 3240 1336 3289 ab
1362 3238 1648 3303 interitu,
1685 3238 1838 3290 nihil
1867 3234 2434 3307 a-liud'praevidebit.
2482 3250 2580 3284 eo-

285 3305 417 3357 dem
456 3313 807 3374 argumento
846 3307 1041 3359 utitur
1080 3308 1152 3359 ad
1179 3308 1483 3360 Romanos
1518 3306 1719 3375 capite
1752 3307 1807 3373 9,
1839 3303 1962 3373 112,
2019 3308 2090 3357 de
2120 3304 2298 3357 Iacob
2332 3312 2393 3354 et
2425 3302 2580 3353 Esau

284 3374 554 3453 loquens.
630 3372 983 3444 Priusquam
1021 3377 1149 3427 nati
1190 3388 1420 3442 essent,
1468 3376 1702 3445 inquit,
1754 3387 1856 3429 aut
1885 3375 2124 3445 aliquid
2143 3372 2280 3426 boni
2311 3380 2413 3424 aut
2437 3368 2585 3421 mali

286 3450 565 3510 egissent·
634 3443 962 3511 ,Exciperet
990 3443 1357 3497 sorbonicus
1392 3445 1610 3515 aliquis
1635 3443 1945 3515 sophista,
1982 3454 2220 3497 acturos
2252 3440 2461 3505 fuisse,
2499 3440 2585 3491 id·

288 3525 403 3580 que
434 3512 562 3562 Deo
593 3510 780 3563 fuisse
812 3514 1290 3583 praecognitum.
1365 3516 1539 3587 Atqui
1572 3514 1798 3568 frustra
1824 3514 1940 3566 hoc
1974 3510 2269 3580 excipitur
2296 3511 2367 3562 de
2394 3507 2589 3561 homi·

253 3625 259 3637 ,
285 3580 462 3632 nibus
491 3590 701 3631 natura
732 3583 1027 3649 corruptis
1046 3619 1062 3647 ,
1112 3585 1175 3634 in
1204 3583 1418 3655 quibus
1443 3582 1606 3634 nihil
1641 3583 1802 3635 cerni
1828 3589 2030 3652 potest
2054 3580 2169 3634 nisi
2197 3577 2367 3633 exitii
2396 3587 2598 3631 mate«

287 3647 400 3700 ria.
473 3649 743 3700 Secundo
774 3651 1093 3720 confirmat
1118 3652 1439 3724 gratuitam
1468 3669 1593 3703 esse
1627 3653 1983 3705 electionem
2004 3688 2021 3715 ,
2061 3666 2240 3718 quum
2270 3647 2466 3699 addit:
2515 3648 2589 3699 In

210 3731 215 3734 “
289 3715 532 3768 Christo.
585 3733 715 3784 nam
757 3719 805 3769 si
840 3718 905 3771 in
939 3720 1185 3774 Christo
1225 3737 1430 3772 sumus
1469 3719 1682 3786 electi,
1731 3738 1890 3788 ergo„
1923 3728 2089 3772 extra
2127 3729 2288 3771 nost·
2316 3717 2435 3768 hoc
2476 3725 2587 3783 est,

289 3801 415 3837 non
440 3784 656 3837 intuitu
686 3788 996 3855 dignitatis
1028 3799 1299 3853 nostrae,
1333 3790 1435 3841 sed
1467 3790 1746 3858 quoniam
1772 3790 2106 3857 adoptionis
2135 3779 2425 3847 beneficio
2456 3802 2608 3839 coe--

286 3853 457 3924 lestis
491 3855 668 3905 Pater
705 3874 811 3908 nos
857 3857 1116 3910 inseruit
1156 3858 1220 3909 in
1247 3857 1468 3910 Christi
1511 3874 1742 3929 corpus.
1791 3858 2065 3927 denique
2107 3852 2340 3908 Christi
2373 3870 2589 3908 nomen

293 3938 469 3975 omne
500 3922 779 3977 meritum
817 3926 1113 3992 excludit,
1165 3936 1225 3977 et
1253 3926 1540 3996 quicquid
1569 3944 1638 3981 ex
1663 3929 1725 3979 se
1750 3927 1975 3991 habent
2005 3926 2297 3977 homines.
2349 3939 2489 3983 nam
2521 3939 2592 3975 ex

291 4008 408 4061 quo
448 3992 599 4043 dicit
639 4008 743 4044 nos
785 3994 847 4044 in
893 3994 1141 4047 Christo
1187 3995 1444 4061 electos,
1481 3991 1801 4065 ‘seq'uitur,
1849 3992 2352 4064 indignosfuisse
2382 3992 2595 4045 inno-

287 4060 398 4114 his.
428 4088 431 4092 ⁴
545 4060 623 4111 Ue
660 4062 841 4114 simus·
876 4065 1078 4117 sancti.
1161 4064 1368 4117 Finem
1417 4067 1761 4133 proximum
1798 4071 2007 4125 notat,
2066 4061 2169 4114 sed
2205 4077 2325 4113 non
2364 4060 2595 4130 praeci·

290 4145 501 4198 puum.
549 4145 742 4197 neque
776 4130 939 4182 enim
970 4133 1290 4185 absurdum
1319 4144 1440 4201 est,
1496 4134 1757 4190 eiusdem
1789 4132 1876 4183 rei
1904 4127 2211 4200 duplicem
2239 4146 2366 4194 esse
2393 4129 2593 4182 finem.
2623 4149 2628 4153 ·

291 4195 795 4268 Quemadmodum
837 4199 1192 4251 aedificandi
1235 4200 1369 4253 finis
1416 4199 1535 4269 est,
1590 4211 1659 4254 ut
1689 4203 1770 4254 sit
1798 4202 2039 4253 dom-us:
2092 4200 2225 4253 finis
2253 4208 2457 4251 tamen
2486 4198 2597 4250 ille

1914 3175 2027 3220 am.
2081 3170 2283 3237 itaque
2311 3166 2431 3219 nisi
2464 3166 2584 3217 ele·
2673 3207 2678 3211 .

266 4275 384 4328 'est
430 4264 752 4334 proximus.
807 4268 1056 4330 ultimus
1100 4277 1303 4321 autem
1337 4280 1426 4323 est
1472 4271 1769 4323 habitandi
1817 4270 2244 4324 commoditas.¹
2297 4268 2429 4319 Hdc
2457 4267 2596 4319 ideo
2667 4267 2674 4279 ¹

272 4334 413 4387 2fuit
443 4333 650 4415 'obiter
697 4335 1340 4417 attingendum-..quia
1367 4340 1584 4393 Paulus
1627 4340 1828 4393 statim
1867 4338 2123 4392 alterum
2159 4338 2345 4390 finem
2392 4344 2601 4417 ponet,

295 4403 559 4479 gloriam
601 4404 745 4470 Dm„
812 4422 1021 4468 verum
1057 4406 1209 4459 mlul
1253 4417 1349 4470 est
1376 4405 1846 4481 repugnantiae:
1914 4407 2208 4479 siquidem
2253 4407 2450 4478 gloria
2484 4407 2598 4486 Dei
2648 4420 2662 4430 “
