2820 4895
345 196 476 266 312
892 139 1006 258 m
1074 175 1691 262 amsr‘omm
1763 193 2090 266 psum

349 376 488 414 nem
516 361 722 415 valeat.
790 363 952 415 Haec
980 362 1198 415 invicta
1227 371 1313 416 est
1337 367 1666 434 martyrum
1697 365 1917 420 Christi
1943 363 2262 434 fortitudo,
2321 362 2458 417 dum
2489 381 2641 418 con-

352 432 600 484 scientia
637 433 826 492 bonae
867 448 1108 500 causae,
1138 430 1335 502 'quam
1363 443 1577 505 agunt,
1626 451 1724 488 eos
1753 451 1926 508 supra
1956 437 2238 492 mundum
2268 435 2515 488 attollit:
2567 443 2645 486 nt

351 518 471 558 non
505 512 739 555 tantum
777 504 1304 572 corporis.dolores
1341 514 1400 555 et
1439 505 1763 575 cruciatus,
1815 508 1917 561 sed
1957 509 2222 579 quamvis
2253 504 2644 575 ignominiam

354 574 521 642 quasi
547 590 616 625 ex
642 572 760 626 alto
785 574 1121 643 despiciant.
1182 577 1308 628 Imo
1336 574 1449 628 hac
1475 577 1832 645 cogitatione
1858 577 2085 646 erigere
2108 595 2171 630 se
2197 577 2411 631 debent
2435 591 2646 627 omnes

349 644 470 718 pst,
510 645 647 704 dum
674 645 971 713 Evangelii
996 645 1289 698 ministros
1317 647 1734 698 contumeliose
1759 650 2002 700 tractari
2033 649 2231 701 vident
2258 647 2332 700 ab
2362 647 2645 698 adversa-

353 713 496 781 riis,
549 733 621 767 ne
660 725 972 785 propterea
1009 717 1198 767 minus
1235 728 1565 769 reverenter
1609 717 1679 768 de
1724 716 1989 774 doctrina
2028 720 2313 771 sentiant:
2361 717 2463 769 sed
2496 715 2644 767 dent

352 785 598 854 gloriam
624 785 787 849 Deo,
846 786 1007 839 cuiu's
1043 787 1247 837 virtute
1283 786 1451 838 illam
1491 803 1651 838 erum
1697 803 1793 838 ere
1836 789 2034 841 vident
2075 805 2182 858 per
2209 788 2403 839 omnia
2432 785 2649 838 mundi

354 855 669 906 obstacula.
740 858 818 908 Et
841 869 979 907 sane
1003 857 1114 907 nisi
1137 856 1385 908 nimium
1402 857 1576 908 carni
1603 874 1635 908 a
1681 856 1825 909 dicti
1851 874 2106 912 essemus
2122 897 2139 926 ‚
2157 853 2301 911 “sola
2323 858 2474 909 haec
2499 873 2647 907 con—-

352 926 562 977 solatio
591 925 860 978 sufficere
891 927 1058 979 nobis
1086 927 1150 978 in
1176 927 1716 996 persequutionibus
1745 927 2010 981 deberet:
2058 929 2216 999 quod
2242 929 2293 981 si
2319 924 2650 1000 impiorum

351 996 593 1047 saevitia
631 998 1042 1066 opprimimur,
1093 997 1469 1049 nihilominus
1505 1008 1860 1066 propagatur
1898 1000 2305 1070 Evangelium,
2358 1007 2418 1049 et
2460 996 2650 1049 latius

351 1081 415 1117 se
445 1066 735 1119 diffundit.
808 1070 961 1120 Nam
990 1067 1262 1138 quicquid
1290 1069 1374 1121 illi
1403 1069 1754 1135 moliantur,
1806 1069 1952 1126 adeo
1991 1086 2112 1121 non
2154 1070 2406 1122 abruunt
2444 1083 2648 1138 neque

276 1195 277 1200 ¹
355 1137 727 1206 exstinguunt
755 1138 1057 1207 Evangelii
1087 1138 1312 1205 lucem,
1365 1148 1431 1190 ut
1461 1135 1674 1190 clarius
1706 1139 1938 1194 emicet.
2009 1140 2287 1192 Libenter
2320 1154 2493 1209 argu,
2551 1136 2670 1187 vel—

316 1206 559 1259 *saltem
601 1208 847 1277 placatis
890 1208 1099 1260 animis
1144 1209 1433 1277 feramus,
1484 1218 1622 1280 tam„
1651 1217 1858 1278 corpus
1902 1217 2161 1263 nostrum
2204 1225 2379 1280 quam
2425 1221 2654 1259 nomen

353 1293 591 1342 carcere
621 1279 913 1334 occlusum
941 1280 1165 1351 teneri,
1214 1280 1388 1332 modo
1416 1287 1760 1350 perrumpat
1782 1279 1895 1333 Dei
1923 1282 2137 1345 veritas
2158 1316 2175 1348 ,
2229 1297 2301 1333 ac
2339 1280 2517 1348 longe
2556 1278 2653 1332 la-

350 1354 527 1419 teque
560 1365 618 1401 se
650 1349 955 1403 diffundat.

375 1425 380 1432 '
490 1418 573 1470 10.
647 1416 1029 1485 Quamobrem
1057 1417 1252 1469 omnia
1281 1419 1485 1470 tolero.
1538 1416 1623 1469 Ab
1647 1417 1860 1468 effectu
1882 1417 2259 1486 demonstrat,
2283 1434 2464 1489 quam
2484 1414 2652 1468 nihil

349 1485 426 1537 sit
460 1485 524 1537 in
559 1487 675 1538 suis
708 1488 948 1542 vinculis
979 1487 1320 1557 probrosum
1408 1503 1590 1555 quum
1627 1487 1848 1540 scilicet
1885 1486 2092 1554 ,electis
2126 1493 2480 1557 magnopere
2521 1486 2651 1540 sint

346 1555 532 1609 utilia.
594 1553 791 1678 *quod
832 1576 891 1610 se
935 1572 1166 1626 propter
1209 1524 1421 1609 decios
1464 1559 1711 1609 tolerare
1755 1557 1931 1624 dicit,
1989 1558 2104 1610 hoc
2145 1567 2490 1628 argumento
2536 1566 2653 1624 est,

350 1636 569 1695 quanto
606 1646 641 1696 p
669 1629 786 1681 uris
815 1629 995 1680 faciat
1021 1626 1317 1682 Ecclesiae
1351 1626 1822 1679 aedificationem
1894 1644 2027 1681 uam
2062 1645 2124 1680 se
2153 1629 2363 1698 ipsum.
2431 1625 2648 1697 Neque

350 1697 505 1748 enim
531 1700 682 1750 mori
708 1708 969 1765 tantum,
1024 1696 1124 1748 sed
1152 1695 1327 1747 etiam
1358 1697 1514 1747 inter
1544 1697 1814 1751 scelestos
1883 1690 2108 1767 eputari
2139 1707 2375 1767 paratus
2408 1706 2527 1765 est,
2580 1705 2655 1747 ut

347 1767 651 1820 Ecclesiae
678 1770 924 1821 salutem
952 1775 1306 1836 promoveat.
1378 1768 1685 1822 Caeterum
1711 1768 1869 1820 idem
1899 1768 2013 1820 hoc
2042 1768 2175 1822 loco
2205 1771 2378 1824 docet
2404 1766 2651 1834 Paulus,

348 1838 513 1909 quod⁴
537 1840 729 1906 primo
754 1840 959 1908 ‘capite
997 1837 1072 1890 ad
1115 1836 1332 1891 Coloss.
1361 1836 1446 1890 24.
1467 1875 1483 1899 ,
1534 1837 1635 1890 ubi
1675 1836 1819 1889 dicit
1846 1856 1905 1891 se
1931 1838 2207 1909 implere,
2293 1855 2403 1891 uae
2435 1838 2654 1890 desunt

348 1907 567 1959 Christi
596 1911 988 1976 passionibus,
1029 1924 1133 1976 pro
1166 1922 1408 1975 corpore
1438 1907 1573 1975 eius,
1613 1908 1768 1977 quod
1800 1918 1887 1960 est
1913 1908 2200 1965 Ecclesia.
2325 1909 2437 1960 nde
2469 1908 2653 1975 Papi·

344 1979 564 2030 starum
592 1980 951 2051 impudentia
977 1977 1201 2030 abunde
1231 1977 1548 2048 refellitur,
1604 1978 1705 2048 qui
1731 1978 1868 2032 inde
1900 1979 2186 2047 colligunt
2220 1988 2480 2031 mortem
2520 1978 2651 2030 eius

341 2048 521 2100 fuisse
550 2067 653 2116 pro
686 2055 938 2120 peccatis
964 2050 1175 2102 nostris
1205 2047 1673 2122 satisfactoriam.
1741 2047 1906 2118 quasi
1938 2067 2075 2102 vero
2110 2048 2271 2102 aliud
2297 2048 2474 2102 morti
2502 2039 2649 2100 suae

342 2130 579 2189 arroget
617 2124 861 2189 Paulus,
927 2137 1104 2192 quam
1147 2119 1303 2189 quod
1345 2119 1580 2186 piorum
1626 2117 1803 2171 fidem
1844 2120 1942 2171 sit2
1970 2119 2405 2175 confirmatura.
2488 2119 2652 2169 Nam

342 2206 478 2242 mox
504 2192 738 2244 additur
766 2193 1083 2260 expositio,
1136 2205 1317 2258 quum
1343 2189 1591 2242 salutem
1617 2187 1882 2242 fidelium
1911 2205 2029 2242 non
2064 2190 2204 2243 alibi
2230 2189 2436 2243 statuit
2467 2205 2650 2258 quam

341 2259 403 2313 in
431 2259 680 2317 Christo.
751 2265 862 2316 Sed
890 2272 1052 2333 petat
1077 2258 1264 2328 plura,
1306 2261 1406 2327 qui
1435 2259 1605 2324 volet,
1645 2276 1712 2310 ex
1746 2275 1815 2311 eo
1848 2260 2070 2329 capite,
2128 2259 2284 2330 quod
2312 2259 2650 2313 citavimus.

346 2332 487 2383 Cum
511 2335 709 2399 gloria
743 2349 997 2386 aeterna.
1068 2331 1183 2383 Hic
1211 2325 1344 2380 fidis
1376 2337 1462 2381 est
1487 2328 1724 2396 salutis,
1765 2344 1941 2400 quam
1973 2318 2034 2380 in
2069 2329 2301 2382 Christo
2329 2329 2649 2397 consequi-

339 2401 492 2453 m‘ur.
564 2400 729 2456 Salus
756 2405 913 2456 enim
947 2410 1147 2465 nostra
1175 2409 1261 2452 est
1286 2401 1412 2452 Deo
1442 2399 1663 2464 vivere,
1705 2415 1855 2468 quae
1881 2400 2090 2470 incipit
2121 2418 2158 2454 a
2190 2400 2649 2470 regeneratione

278 2474 287 2477 ⁷
314 2480 571 2525 ‘nostr-a:
619 2475 938 2527 absolvitur
966 2470 1161 2526 autem
1188 2470 1361 2537 plena
1386 2470 1571 2522 nostri
1591 2470 1949 2525 ‘liberatione
1967 2509 1985 2539 ,
2038 2485 2219 2543 quum
2247 2488 2356 2523 nos
2377 2472 2544 2523 Deus
2579 2484 2649 2521 ex

338 2542 605 2594 mortalis
634 2546 787 2597 vitae
819 2544 1106 2598 aerumnis
1136 2540 1447 2599 subductos
1476 2541 1539 2591 in
1570 2556 1814 2609 regnum
1842 2558 2011 2594 suum
2042 2541 2284 2611 colligit.
2355 2540 2446 2595 Ad
2482 2538 2672 2603 hanc,

340 2612 589 2665 salutem
615 2616 839 2667 accedit
865 2612 1239 2685 participatio
1272 2610 1568 2681 coelestis,
1606 2612 1865 2680 adeoque
1896 2611 2127 2663 divinae
2157 2608 2405 2681 gloriae.
2480 2611 2645 2680 Ergo

258 2712 263 2715 ,
339 2693 407 2736 ut
445 2682 656 2739 Christi
696 2688 947 2757 gratiam
988 2681 1412 2753 amplificaret,
1477 2697 1693 2737 nomen
1740 2691 2013 2735 aeternae
2051 2681 2277 2752 gloriae
2316 2679 2495 2737 saluti
2544 2697 2649 2748 ap-

381 2754 548 2808 osuit.

337 2771 375 2822 P
477 2826 563 2876 11.
632 2824 865 2879 Fidelis
886 2843 1092 2877 sermo.
1165 2818 1602 2872 Praefationem
1632 2818 1869 2873 adhibet
1897 2821 2254 2888 sententiae,
2303 2834 2480 2888 quam
2501 2824 2648 2891 'mox

337 2892 633 2962 proferet,
686 2895 823 2962 quia
853 2888 1003 2946 'nihil
1031 2911 1066 2946 a
1094 2907 1265 2943 sensu
1292 2890 1483 2943 carnis
1513 2891 1695 2960 magis
1726 2889 1812 2941 est
1838 2889 2094 2943 alienum
2113 2928 2131 2958 ,
2181 2907 2354 2959 quam
2382 2889 2642 2943 morien·

339 2965 473 3027 dum
495 2982 636 3030 esse,
679 2974 744 3016 ut
770 2964 1057 3030 vivamus,
1097 2979 1166 3013 ac
1199 2972 1449 3015 mortem
1478 2978 1599 3012 esse
1629 2963 1776 3011 vitae
1804 2959 2044 3021 aditum.
2114 2961 2265 3015 Nam
2294 2977 2364 3011 ex
2397 2959 2526 3010 aliis
2559 2958 2648 3009 lo-

342 3035 426 3087 cis
458 3035 731 3101 colligere
756 3035 927 3099 licet,
965 3033 1209 3085 Paulum
1235 3034 1298 3083 in
1325 3031 1497 3082 rebus
1523 3030 1690 3082 valde
1720 3031 1918 3097 seriis,
1956 3039 2056 3082 aut
2080 3031 2308 3082 creditu
2332 3029 2524 3081 minus
2555 3029 2648 3079 fa-

341 3104 577 3166 cilibus,
615 3105 697 3158 ita
726 3105 986 3167 praefari
1009 3103 1265 3155 solitum.
1340 3094 1808 3155 Summa'autem
1843 3107 1963 3167 est,
2003 3118 2124 3169 non
2151 3102 2321 3153 aliter
2347 3116 2454 3153 nos
2484 3099 2647 3151 vitae

340 3168 400 3226 et
427 3175 646 3244 gloriae
678 3174 892 3227 Christi
930 3174 1058 3226 fore
1098 3173 1319 3239 socios,
1362 3172 1477 3222 nisi
1513 3170 1669 3239 prius
1709 3187 1842 3222 cum
1882 3187 1950 3222 eo
1993 3172 2211 3231 mortui
2250 3181 2308 3231 et
2340 3169 2648 3222 humiliati

337 3246 616 3297 fuerimus
636 3282 649 3307 ‚
722 3247 864 3296 sicut
894 3245 1038 3295 dicit
1062 3240 1462 3296 adRomanos
1493 3243 1545 3307 8,
1578 3241 1664 3294 29.
1685 3277 1702 3305 ,
1757 3240 1973 3293 electos
2006 3259 2206 3294 omnes
2238 3257 2361 3293 esse
2391 3256 2650 3309 praeorff

322 3317 586 3391 ἱ(ἰίῐιειῑοε,
630 3322 693 3365 ut
723 3316 1162 3382 configurentur
1190 3312 1434 3383 imagini
1461 3312 1603 3375 eius.
1655 3311 1785 3362 Hoc
1812 3318 1936 3363 tam
1968 3306 2645 3375 exhortandis‘fidelibus

337 3400 512 3456 quam
549 3385 909 3437 consolandis
946 3384 1166 3437 dictum
1204 3378 1309 3437 est.
1379 3384 1568 3453 Quem
1600 3381 1758 3432 enim
1786 3397 1906 3433 non
1934 3392 2104 3433 acuat
2136 3382 2250 3434 ista
2280 3378 2644 3441 exhortatio,

337 3448 457 3506 non
482 3455 723 3506 moleste
751 3454 1021 3507 ferendas
1048 3470 1169 3505 esse
1199 3453 1576 3517 afflictiones,
1629 3467 1879 3519 quarum
1906 3459 2034 3505 tam
2074 3450 2367 3504 felix.erit
2410 3448 2645 3502 exitus?

336 3526 558 3578 Eadem
587 3520 862 3593 cogitatio
890 3525 1142 3579 suaviter
1169 3530 1490 3592 temperat,
1535 3521 1812 3592 quicquid
1842 3520 2182 3575 acerbitatis
2217 3529 2303 3575 est
2330 3520 2394 3572 in
2431 3537 2643 3572 cruce:

252 3640 255 3643 ,
337 3597 477 3663 quia
512 3613 694 3666 neque
741 3595 1001 3662 dolores,
1063 3611 1251 3664 neque
1291 3602 1619 3660 tormenta,
1683 3607 1872 3660 neque
1913 3592 2166 3660 probra,
2229 3607 2421 3659 neque
2461 3607 2640 3655 mors,

337 3665 568 3717 horrori
609 3660 775 3718 nobis
819 3684 940 3719 esse
983 3664 1230 3728 debent,
1285 3662 1348 3713 in
1393 3662 1601 3732 quibus
1645 3662 2142 3713 communicamus
2199 3677 2331 3713 cum
2375 3659 2643 3711 Christo:

336 3737 681 3805 praesertim
734 3754 913 3806 quum
961 3735 1161 3789 omnia
1211 3733 1360 3783 haec
1409 3731 1714 3800 praeludia
1763 3731 1880 3783 sint
1920 3729 2220 3801 triumphi.
2297 3729 2416 3784 Suo
2457 3730 2643 3799 igitur

339 3807 605 3873 exemplo
644 3806 764 3874 pios
805 3800 1008 3860 omnes
1044 3808 1265 3858 animat
1293 3803 1538 3868 Paulus,
1582 3809 1648 3852 ut
1685 3799 1861 3855 hilari
1902 3802 2097 3854 animo
2141 3799 2488 3858 afflictiones
2533 3814 2642 3868 pro

341 3876 558 3947 Christi
590 3880 819 3929 nomine
848 3877 1167 3945 suscipiant
1186 3914 1204 3941 ,
1256 3874 1317 3923 in
1359 3874 1566 3941 quibus
1592 3871 1714 3923 iam
1746 3880 1979 3939 gustum
2004 3871 2226 3924 habent
2255 3870 2489 3923 futurae
2516 3869 2644 3938 glo-

337 3948 479 4007 riae.
557 3940 727 4015 Quod
756 3950 798 3999 si
828 3948 900 4002 ab
934 3948 1204 4016 opinione
1236 3952 1436 3997 nostra
1464 3943 1528 3995 id
1558 3941 1869 4007 abhorret,
1923 3958 1992 4003 ac
2028 3959 2168 3994 crux
2197 3941 2323 4009 ipsa
2354 3940 2501 3993 adeo
2533 3954 2642 3990 nos

337 4011 672 4070 consternat
713 4025 769 4065 et
805 4019 1002 4073 oculos
1039 4014 1413 4086 perstringit,
1468 4023 1533 4065 ut
1564 4011 1861 4064 Christum
1889 4027 2007 4063 non
2034 4011 2386 4065 sentiamus:
2434 4008 2639 4061 memi-

335 4088 597 4155 nerimus
630 4085 785 4136 hunc
815 4088 1078 4156 clypeum
1118 4101 1450 4154 opponere,
1501 4081 1716 4139 Fidelis
1757 4097 1971 4135 sermo.
2033 4083 2126 4151 Et
2162 4098 2300 4134 sane
2341 4080 2439 4133 ubi
2476 4079 2645 4132 adest

339 4156 600 4213 Christus
619 4194 636 4223 ‚
687 4154 813 4208 illic
840 4172 1155 4225 agnoscere
1186 4155 1462 4207 debemus
1488 4152 1665 4203 vitam
1698 4160 1758 4203 et
1783 4150 2142 4204 felicitatem.
2219 4152 2373 4219 Ergo
2401 4149 2636 4201 mordi-

335 4243 437 4295 cus
464 4225 715 4295 tenenda
738 4227 848 4279 ista
877 4226 1366 4291 communicatio,
1405 4222 1558 4293 quod
1581 4238 1698 4274 non
1724 4238 1987 4285 seorsum
2011 4223 2323 4287 morimur,
2361 4219 2462 4271 sed
2491 4234 2628 4271 cum

317 4296 322 4301 ’
428 4298 571 4353 risto
596 4335 614 4364 ,
650 4305 717 4347 ut
740 4296 905 4350 nobis
933 4312 1066 4349 cum
1091 4313 1159 4348 eo
1190 4304 1321 4365 post
1347 4293 1424 4346 sit
1447 4291 1773 4346 communis
1803 4291 1952 4346 vita:
1988 4309 2095 4344 nos
2122 4307 2257 4344 cum
2282 4305 2351 4342 eo
2377 4289 2534 4359 pati,
2570 4298 2638 4340 ut

252 4404 255 4407 -
334 4383 374 4438 g
398 4368 559 4422 oriae
593 4366 773 4420 simus
813 4366 1133 4425 consortesss
1205 4367 1514 4427 Caeterum
1539 4380 1645 4437 per
1674 4371 1928 4437 mortem
1950 4362 2229 4438 intelligit
2254 4369 2445 4437 totam
2467 4356 2634 4437 illam

1930 4502 1948 4547 Ι
