2820 4895
2214 223 2219 246 ⁸
2287 245 2312 279 s

550 263 718 369 'An
783 295 1463 372 Timo'rnEUM
1498 281 1559 367 1.
1630 302 1788 371 cn.
1835 305 1949 369 ιιι.
2292 311 2418 372 257

130 457 472 561 iuuenum)
509 479 904 559 acquirunt,
962 485 1029 539 et
1056 472 1336 538 multam
1368 470 1745 550 libertatem
1778 471 2046 554 infide,
2077 496 2270 562 quae
2311 490 2412 543 est
2477 473 2482 478 ’

136 563 205 628 in
231 559 502 627 Christo
530 561 698 625 lesu.
2341 561 2346 564 ’

267 677 318 729 8.
400 677 699 728 Diaconos
750 675 1044 727 similiter.
1142 676 1279 729 Non·
1318 684 1408 729 est
1449 675 1603 744 quod
1649 673 1844 727 variae
1887 676 2413 755 interpretationes

137 747 473 815 scrupulum
516 745 689 806 nobis
732 742 1019 797 iniician't.
1107 746 1354 798 Certum
1383 754 1507 810 est,
1557 746 1901 814 Apostolum
1934 746 2002 795 de
2030 746 2106 794 iis
2136 756 2414 813 tractare,

139 816 232 888 qui
263 816 563 886 publicam
593 814 653 865 in
683 814 948 866 Ecclesia
974 814 1347 868 functionem
1379 824 1679 864 exercent.
1731 831 1847 881 quo
1877 814 2176 872 refellitur
2204 830 2413 874 eorum

136 879 376 955 opinio,
442 883 542 953 qui
598 882 899 936 ministros
949 883 1307 934 domesticos
1365 891 1575 949 putant
1634 882 1750 933 hoc
1799 882 2046 934 nomine
2093 882 2411 953 designari.

140 955 303 1026 Quod
344 962 540 1004 autem
581 952 686 1002 alii
724 952 792 1002 ad
819 952 1202 1017 Presbyteros
1229 950 1496 1004 referunt
1522 953 1818 1021 Episcopo
1847 952 2198 1019 inferiores,
2247 962 2411 1006 caret

137 1024 549 1078 fundamento-2
602 1038 736 1072 nam
773 1037 841 1070 ex
869 1019 1005 1071 aliis
1036 1019 1190 1072 locis
1219 1029 1412 1088 patet,
1462 1037 1776 1072 commune
1809 1020 2415 1088 omnibus'Presbyte-
2488 1027 2492 1033 '

134 1093 211 1147 ris
241 1091 421 1144 fuisse
450 1106 698 1143 noment
752 1088 930 1158 idque
960 1088 1146 1141 fateri
1177 1106 1377 1141 omnes
1407 1100 1735 1158 coguntur,
1773 1089 2120 1157 praesertim
2150 1090 2319 1142 locus
2339 1093 2413 1141 -in

137 1163 321 1233 primo
353 1159 551 1227 capite
578 1160 647 1211 ad
673 1157 877 1210 Titum
905 1173 1036 1211 eam
1062 1157 1563 1227 significationem
1595 1175 1717 1209 esse
1750 1158 2121 1225 comprobat.
2207 1158 2417 1224 Restat

139 1240 199 1285 ut
225 1231 525 1281 Diaconos
564 1226 967 1295 intelligamus
986 1264 1002 1293 ,
1061 1243 1317 1296 quorum
1348 1228 1710 1278 mentionem
1737 1226 1885 1278 facit
1913 1228 2099 1279 Lucas
2129 1228 2415 1282 Actorum

137 1316 261 1366 cap.
294 1299 346 1364 6,
376 1297 431 1351 3.
479 1296 522 1348 ii
554 1306 688 1349 sunt
717 1295 821 1364 qui
849 1311 1053 1347 curam
1083 1313 1408 1365 pauperum
1434 1296 1749 1348 habebant.
1835 1296 1943 1350 Sed
1973 1295 2044 1347 de
2078 1296 2281 1347 officio
2316 1313 2413 1348 eo·

135 1381 299 1435 rum,
348 1365 453 1437 qui
501 1366 674 1434 plura
716 1365 908 1428 volet,
959 1373 1124 1433 petat
1156 1381 1226 1417 ex
1257 1365 1661 1416 Institutione.
1737 1365 2007 1434 Quatuor
2037 1366 2264 1433 primae
2296 1367 2415 1417 vir-

137 1448 314 1501 tutes,
355 1435 572 1505 quibus
599 1435 760 1502 ipsos
788 1432 917 1505 vult
948 1449 1072 1485 esse
1099 1433 1431 1502 praeditos,
1467 1436 1606 1486 satis
1650 1452 1755 1503 per
1788 1451 1849 1485 se
1889 1444 2066 1485 notae
2101 1445 2255 1488 sunt.
2279 1434 2417 1487 ·nisi

136 1509 285 1579 quod
322 1504 529 1558 sedulo
568 1502 893 1556 notandum
934 1512 1053 1568 est,
1102 1520 1235 1555 eum
1266 1504 1616 1568 admonere,
1658 1521 1730 1553 ne
1758 1504 1873 1554 sint
1901 1503 2228 1568 bilingues-2·
2278 1503 2417 1572 quia

135 1576 333 1630 vitium
366 1583 458 1626 est
482 1574 641 1640 quod
666 1571 727 1622 in
754 1569 860 1621 illa
889 1569 1404 1623 administratione
1435 1572 1757 1624 difficulter
1791 1570 2067 1635 cavetur,
2119 1581 2181 1623 et
2217 1583 2415 1636 tamen

134 1647 204 1700 ab
234 1661 298 1695 ea
322 1641 787 1702 remotissimum
817 1640 1042 1707 (siquod
1068 1640 1251 1703 aliud)
1280 1657 1403 1692 esse
1436 1641 1704 1692 debebat.
1883 1691 1887 1696 ,
2121 1671 2124 1676 -
2189 1663 2194 1670 ·
2319 1665 2322 1670 ·

260 1713 315 1765 9.
374 1711 694 1770 ‚Habentes
734 1710 1065 1776 mysterium
1098 1710 1272 1775 siden
1354 1708 1610 1761 Perinde
1650 1719 1754 1761 est·
1782 1727 1850 1761 ac
1883 1710 1931 1761 si
1971 1709 2247 1762 dixisset:
2297 1710 2416 1779 Qui

134 1798 336 1853 puram
365 1778 684 1848 religionis
712 1775 1051 1830 doctrinam
1081 1787 1358 1843 teneant,
1409 1787 1469 1828 et
1496 1778 1834 1848 quidemrex
1863 1780 2062 1831 animo
2083 1817 2098 1846 ,
2158 1795 2293 1830 cum
2325 1796 2415 1829 se-

135 1853 222 1904 rio
251 1851 359 1903 Dei
390 1849 649 1913 timore,
697 1847 819 1897 vel:
876 1845 990 1916 Qui
1017 1846 1136 1897 rite
1170 1847 1291 1898 sint
1319 1846 1376 1897 in
1404 1845 1524 1897 fide
1554 1846 1847 1913 instituti,
1900 1846 2418 1916 nequid‘ignorent

136 1922 285 1990 quod
325 1918 666 1981 hominibus
695 1912 1048 1967 Christianis
1084 1925 1170 1967 est
1206 1916 1456 1984 cognitu
1492 1915 1915 1969 necessarium.
1985 1919 2284 1969 Summam
2328 1923 2418 1967 ta·

135 1995 260 2042 nien
304 1988 440 2057 piae
481 1984 786 2037 doctrinae
828 1983 1164 2035 honorifice
1205 1983 1554 2050 mysterium
1597 1985 1895 2051 appellat:
1951 1995 2015 2035 ut
2054 1996 2217 2050 certe
2253 1987 2416 2048 Deus

135 2076 238 2140 per
264 2055 658 2125 Evangelium
695 2053 1042 2121 sapientiam
1082 2052 1336 2103 terrenis
1374 2052 1717 2105 hominibus
1755 2054 2079 2121 patefacit,
2131 2065 2308 2122 quam
2353 2055 2416 2104 in

112 2127 298 2180 ‘coelo
338 2124 683 2190 suscipiunt
709 2122 939 2191 Angeli.
994 2138 1181 2190 quare
1222 2113 1378 2171 riihil
1419 2118 1676 2187 mirum,
1735 2122 1783 2172 si
1819 2121 2142 2174 humanum
2179 2129 2416 2191 captum

137 2205 386 2263 superet.
486 2190 734 2246 Proinde
778 2207 909 2242 eam
948 2207 1080 2241 cum
1122 2205 1346 2244 summa
1386 2191 1730 2260 reverentia
1771 2192 2245 2258 amplectendam
2293 2208 2415 2243 esse
2483 2219 2492 2226 ι

137 2255 614 2325 meminerimus,
662 2270 725 2311 et
763 2260 902 2328 quia
936 2258 1010 2310 ad
1044 2268 1277 2309 tantam
1308 2256 1692 2309 altitudinem
1725 2276 2025 2329 nunquam
2060 2261 2418 2311 conscende-

137 2351 327 2386 remus
372 2330 624 2399 proprio
656 2331 886 2394 Marte,
940 2326 1296 2396 suppliciter
1323 2327 1515 2377 Deum
1559 2343 1860 2395 rogemus,
1911 2340 1973 2379 ut
2018 2328 2415 2396 eamrSpiritu

137 2400 515 2456 revelationis
554 2398 720 2451 nobis
759 2406 1002 2449 reseret.
1075 2395 1298 2446 Rursus
1328 2411 1507 2465 quum
1535 2393 1797 2449 videmus
1827 2396 2047 2465 impios
2078 2397 2173 2450 vel
2198 2398 2415 2462 ridere,

137 2473 227 2525 vel
251 2471 406 2531 nihil
436 2478 714 2537 gustare,
752 2466 988 2519 divinae
1016 2482 1140 2516 esse
1162 2465 1399 2587 gratiae
1430 2481 1831 2533 agnoscamus,
1873 2468 2050 2534 quod,
2096 2482 2243 2534 quae
2277 2468 2416 2519 aliis

139 2549 268 2592 sunt
309 2537 689 2604 abscondita,
736 2535 911 2587 nobis
951 2535 1013 2586 in
1054 2551 1157 2586 cor
1200 2551 1234 2583 e
1271 2544 1408 2586 sunt
1448 2533 1607 2587 etin
1645 2534 1875 2600 oculis,
1902 2546 1963 2588 ut
1993 2536 2188 2607 inquit
2217 2537 2416 2588 Moses

138 2611 332 2677 (Deut.
358 2607 450 2673 30,
486 2607 615 2666 11.).
685 2606 847 2672 Ergo
872 2605 1162 2657 Diaconos
1199 2602 1261 2654 in
1303 2604 1589 2670 mysterio
1614 2603 1764 2654 ‚fidei
1804 2604 1932 2655 vult
1967 2622 2092 2657 esse
2119 2604 2413 2673 eruditos:
2469 2664 2472 2667 ¹

139 2676 304 2746 quia,
354 2677 470 2729 etsi
496 2674 986 2733 docendimunus
1012 2690 1127 2724 non
1156 2671 1408 2739 habent,
1462 2670 1641 2723 nimis
1671 2676 1868 2723 tamen
1901 2673 2214 2724 absurdum
2247 2676 2418 2740 foret,

138 2746 439 2816 publicam
466 2743 528 2795 in
554 2743 818 2795 Ecclesia
848 2740 1165 2810 personam
1192 2741 1513 2806 sustinere,
1566 2749 1625 2792 et
1651 2740 1825 2794 rudes
1853 2758 1981 2793 esse
2007 2742 2066 2792 in
2097 2741 2214 2792 fide
2245 2741 2421 2792 Chri-

140 2816 358 2881 stiana,
384 2812 767 2882 ,praesertim
791 2826 972 2882 quum
1000 2827 1174 2878 saepe
1203 2809 1431 2860 incidat
1457 2810 1772 2862 necessitas
1805 2809 2082 2863 monendi
2116 2820 2177 2860 et
2209 2826 2416 2862 conso-

137 2881 329 2951 landi,
380 2878 503 2933 nisi
538 2881 804 2948 partibus
841 2878 963 2932 suis
1001 2879 1205 2930 deesse
1242 2877 1453 2930 velint.
1552 2877 1799 2929 Additur
1845 2896 1990 2948 pura
2036 2880 2426 2946 conscientia,

139 2968 280 3021 quae
307 2948 652 3003 extenditur
681 2949 756 3001 ad
782 2956 965 3001 totam
991 2946 1206 2999 vitam:
1245 2956 1373 2998 tum
1399 2963 1542 2996 vero
1569 2954 1636 3022 pt
1666 2945 1854 2999 sciant
1878 2966 1939 2998 se
1965 2947 2092 2999 Deo
2121 2947 2367 2999 servire.

269 3020 359 3072 10.
426 3022 507 3071 Et
545 3018 608 3068 hi
649 3018 977 3084 probentur.
1052 3016 1194 3068 Vult
1229 3033 1349 3067 non
1390 3014 1667 3084 ignotos,
1719 3016 1821 3065 sed
1852 3026 2191 3084 compertae
2220 3015 2422 3083 probi-

139 3087 274 3140 tatis
301 3088 377 3140 eli
422 3087 481 3152 i,
517 3086 1007 3155 quemadmodum
1038 3084 1384 3152 Episcopos.
1470 3085 1545 3136 Et
1579 3083 1720 3138 hinc
1744 3092 2026 3153 apparet,
2066 3086 2422 3152 irreprehen-

139 3158 332 3209 sibiles
414 3154 497 3207 ici
542 3156 643 3225 qui
683 3153 848 3207 nullo
892 3154 1145 3205 notabili
1197 3150 1678 3205 vitio-laborent.
1775 3154 1960 3204 Porro
2003 3152 2154 3205 haec
2207 3153 2422 3222 proba-

137 3227 216 3277 tio
243 3243 363 3278 non
394 3234 485 3276 est
514 3223 686 3277 unius
714 3224 896 3276 horae
917 3261 935 3289 ,
985 3222 1088 3274 sed
1112 3221 1179 3274 in
1204 3221 1387 3289 longa
1413 3220 1777 3290 experientia
1806 3222 2098 3275 consistit.
2182 3224 2420 3276 Summa

141 3304 255 3361 est,
293 3292 411 3348 Ubi
438 3292 512 3344 de
537 3292 801 3345 creandis
825 3290 1108 3344 Diaconis
1134 3300 1380 3360 agetur,
1433 3305 1553 3341 non
1597 3290 1814 3342 debere
1855 3290 2155 3361 quoslibet
2195 3301 2421 3343 temere

140 3372 197 3416 et
252 3363 377 3414 sine
424 3361 660 3414 delectu
716 3360 993 3426 obtrudi,
1055 3361 1156 3411 sed
1196 3356 1585 3428 designandos
1627 3377 1752 3411 esse
1792 3376 1937 3428 quos
1980 3366 2255 3412 anteacta
2297 3354 2425 3413 vital
2485 3350 2495 3367 ⁸

142 3430 219 3484 sic
247 3430 659 3498 commendet,
697 3440 764 3482 ut
793 3429 917 3480 iam
944 3429 1108 3498 quasi
1136 3429 1343 3481 habito
1378 3428 1653 3480 examine
1684 3437 1914 3480 constet
1947 3446 2069 3480 esse
2097 3429 2363 3481 idoneos.

272 3502 356 3553 11.
452 3501 673 3550 Uxores
709 3499 1002 3550 similiter.
1089 3498 1315 3550 Uxores
1341 3497 1646 3565 intelligit
1670 3507 1791 3548 tam
1822 3496 2218 3550 Diaconorum
2248 3515 2421 3566 quam

99 3569 105 3576 '
140 3566 591 3638 Episcoporum.
643 3569 862 3621 debent
895 3566 1054 3619 enim
1091 3565 1323 3625 maritis
1361 3584 1492 3619 esse
1533 3565 1851 3617 adiutrices
1879 3566 1943 3617 in
1978 3566 2215 3618 officio:
2264 3565 2418 3635 quod

138 3634 269 3687 fieri
298 3638 543 3707 nequit,
591 3636 707 3688 nisi
736 3654 877 3704 prae
908 3635 1045 3687 aliis
1073 3636 1229 3688 bene
1257 3635 1374 3687 sint
1403 3644 1689 3689 moratae.
1762 3636 1837 3686 Et
1865 3634 2144 3704 quoniam
2174 3650 2419 3687 uxorum

140 3706 520 3772 meminerat,
567 3706 726 3758 idem
760 3704 1059 3774 praecipit
1100 3705 1173 3756 de
1215 3702 1537 3769 Diaconis,
1590 3703 1748 3773 quod
1784 3713 1924 3754 ante
1964 3704 2036 3755 de
2081 3704 2419 3772 Episcopist

140 3790 347 3841 nempe
387 3786 455 3828 ut
492 3776 671 3826 unica
716 3792 892 3826 uxore
931 3771 1178 3843 quisque
1212 3777 1423 3827 eorum
1452 3781 1767 3824 contentus
1794 3772 1942 3823 casti
1973 3782 2032 3824 et
2058 3771 2289 3825 honesti
2323 3789 2426 3842 pa·

141 3842 503 3897 trisfamilias
526 3845 607 3895 sit
630 3836 992 3912 exemplum,
1026 3844 1347 3909 liberosque
1373 3851 1436 3893 et
1457 3848 1645 3894 totam
1675 3842 1900 3912 domum
1925 3840 1984 3892 in
2014 3846 2220 3893 sancta
2249 3840 2422 3896 disci·

141 3910 295 3976 plina
323 3913 647 3965 contineat.
733 3915 924 3980 Atque
950 3911 1092 3962 hinc
1114 3912 1421 3964 refellitur
1453 3924 1658 3967 eorum
1691 3916 1908 3975 error,
1946 3910 2046 3978 qui
2074 3910 2145 3962 de
2178 3910 2423 3964 famulis

141 3978 483 4034 domesticis
511 3981 713 4033 locum
744 3981 904 4032 hunc
934 3980 1256 4046 accipiunt.
1706 3996 1712 4005 ·
1927 3988 1930 3993 “
2113 3994 2116 3999 ·

274 4048 358 4100 13.
435 4048 550 4116 Qui
587 4052 722 4101 bene
755 4047 1241 4102 ministraverint.
1331 4046 1486 4117 Quia
1513 4032 1633 4099 und
1663 4053 1766 4096 aut
1789 4046 1989 4098 altero
2019 4047 2258 4100 saeculo
2288 4056 2425 4116 post

141 4115 554 4183 Apostolorum
583 4120 840 4177 mortem
871 4116 1213 4169 invaluerat
1238 4133 1376 4170 usus
1396 4155 1413 4182 ,
1452 4126 1519 4170 ut
1543 4130 1614 4167 ex
1644 4114 2050 4168 Diaconorum
2083 4116 2287 4168 ordine
2317 4117 2424 4166 eli-

145 4197 426 4249 gerentur
454 4186 825 4254 Presbyteri,
875 4187 1051 4254 vulgo
1092 4186 1252 4238 hunc
1293 4185 1495 4237 locum
1534 4194 1935 4252 exposuerunt
1966 4185 2037 4235 de
2065 4187 2321 4236 transitu
2350 4183 2423 4235 ad

143 4254 387 4318 gradum
413 4257 820 4323 superiorem,
866 4255 1039 4324 'quasi
1071 4255 1392 4322 Apostolus
1420 4255 1490 4305 ad
1519 4254 1811 4305 honorem
1840 4253 2197 4321 presbyterii
2230 4261 2421 4316 vocet,

145 4322 241 4387 qui
277 4322 483 4374 fideles
517 4341 576 4376 se
611 4325 909 4377 Diaconos
954 4323 1380 4392 praestiterint.
1451 4322 1613 4392 Ego,
1650 4321 1762 4373 etsi
1792 4338 1916 4373 non
1945 4338 2098 4389 nego
2126 4322 2423 4373 Diacono-

144 4402 275 4440 rum
309 4392 581 4445 ordinem
625 4393 932 4445 interdum
974 4391 1362 4444 seminarium
1405 4409 1532 4443 esse
1577 4408 1775 4458 posse,
1844 4406 1914 4444 ex
1953 4408 2070 4460 quo
2118 4401 2432 4442 sumantur

144 4452 502 4528 Bresbyterie
557 4472 757 4518 tamen
798 4461 1132 4534 simplicius
1171 4461 1400 4534 accipio
1443 4461 1614 4515 Pauli
1656 4462 1869 4530 verba,
1933 4458 2032 4529 qui
2088 4459 2296 4528 probe·
2327 4458 2430 4509 de·
2505 4524 2510 4531 Α

224 4525 307 4590 11.
323 4574 336 4595 „
358 4574 373 4594 ,
817 4564 822 4585 1
1598 4531 1678 4592 17
