2820 4895
511 274 514 278 ·
586 209 723 334 an
789 263 1483 337 TIMOTHEUM
1539 265 1634 333 11.·
1696 251 1861 334 cn.
1903 268 1991 333 11.
2325 216 2453 336 ³1⁷

153 455 424 496 numerus
462 438 685 505 lateat,
724 436 799 491 ·si
821 437 1107 491 fallamur
1135 438 1310 490 etiam
1336 436 1401 489 in
1432 436 1669 490 delectu
1694 434 2012 505 habendo:
2076 437 2328 507 Semper
2353 445 2449 492 ta-

151 529 283 565 men
327 508 689 573 notandum,
753 524 863 560 cur
913 507 1081 559 etin
1125 522 1303 575 quem
1338 507 1540 558 finem‘
1584 504 1774 575 sigilli
1816 505 2183 559 mentionem
2225 502 2442 562 faciat:

153 595 362 648 nempe
404 593 589 649 quum
625 575 889 629 videmus
929 576 1082 628 tales
1123 592 1323 642 casus,
1372 584 1441 627 ut
1468 591 1605 627 mox
1636 575 1836 628 veniat
1860 576 2038 628 nobis
2066 575 2134 627 in
2160 577 2447 644 mentem,

157 649 306 718 quod
329 648 503 700 docet
531 644 828 711 Iohannes
867 647 940 710 (I.
975 644 1109 698 10h.
1137 644 1360 714 2,·19.)=
1415 643 1704 695 E'x·nobis
1722 660 1842 695 non
1866 645 2091 712 fuisse,
2137 644 2241 715 qui
2274 662 2307 697 a
2331 655 2447 698 noh

153 718 240 771 bis
282 716 568 769 exierunt.
656 713 827 767 Unde
854 724 1136 783 sequetur
1163 713 1379 782 duplex
1406 713 1639 765 fructus
1657 749 1674 780 ,
1712 714 1876 781 quod
1902 731 2024 765 non
2059 714 2452 784 concutietur

151 786 293 838 fides
326 793 561 850 nostra,
616 800 686 836 ac
710 783 865 834 sissab
897 782 1238 835 hominibus
1263 782 1588 851 penderet,
1640 798 1839 849 neque
1882 784 2059 836 etiam
2098 793 2448 852 consternar·
2538 802 2546 820 ¹

151 854 375 916 bimur,
421 854 580 907 utin
612 853 788 903 rebus
819 851 1142 920 inopinatis
1168 851 1303 903 fieri
1334 850 1514 903 solet:
1567 849 1777 902 deinde
1809 851 1967 920 quod
1997 852 2326 905 Ecclesiam
2352 852 2446 904 m‘-

150 922 465 975 hilominus
506 922 728 973 salvam
768 921 897 972 fore
934 920 1237 988 persuasi,
1291 919 1570 988 aequiore
1597 918 1798 971 animo
1835 921 2127 987 patiemur
2153 920 2444 989 reprobos

152 992 321 1052 abire*
336 992 403 1042 in
427 1005 594 1043 suam
621 993 899 1055 sortem,³
918 989 1019 1042 cui
1050 988 1331 1060 destinati
1363 998 1570 1041 erant:
1616 986 1756 1056 quia
1784 989 2049 1041 manebit
2071 990 2309 1058 integer
2334 1006 2447 1043 uu·
2472 1026 2477 1032 -

149 1078 373 1125 merus,
425 1077 541 1129 quo
573 1061 736 1110 Deus
775 1065 1092 1110 contentus
1131 1066 1236 1110 est.
1280 1111 1283 1116 .
1318 1055 1485 1125 Ergo
1520 1056 1756 1132 quoties
1788 1057 2016 1127 aliquid
2042 1057 2280 1112 subitae
2312 1061 2443 1111 mu-

151 1129 405 1195 tationis·
430 1126 681 1197 praeter
722 1126 1063 1193 opinionem
1102 1142 1172 1178 ac
1213 1142 1382 1193 spem
1416 1135 1685 1187 nostram
1721 1126 1783 1177 in
1822 1126 2168 1179 hominibus
2206 1127 2445 1195 accidit,

126 1204 136 1216 ”
151 1199 352 1250 statim
394 1197 508 1249 hoc
547 1196 716 1249 nobis
758 1196 824 1245 in
861 1204 1128 1248 mentem
1155 1194 1389 1247 veniat:
1445 1194 1631 1246 Novit
1655 1194 1970 1262 Dominus,
2018 1196 2124 1266 qui
2166 1195 2261 1248 su'i
2300 1195 2440 1249 sint.

150 1268 426 1318 Dis-cedat
456 1267 526 1317 ab
558 1265 880 1320 iniustitia.
962 1262 1157 1316 Sicuti
1187 1263 1660 1336 prius-scandalo
1692 1263 1989 1330 occurrit,
2025 1282 2102 1315 ne
2129 1263 2443 1318 ullius'ho-

147 1335 324 1387 min‘is
362 1334 623 1387 defectio
663 1331 1129 1401 trepidationem
1165 1330 1419 1385 nimiam
1462 1332 1769 1383 incuteret
1803 1333 2114 1396 fidelibus:
2164 1327 2253 1386 ita
2274 1337 2458 1388 nu'nc,

148 1403 453 1473 proposito
484 1404 592 1461 tali
626 1403 1081 1471 hypocritarum
1116 1401 1415 1469 exemplo,
1443 1401 1646 1452 ”docet
1669 1415 1805 1451 *non
1850 1403 2163 1454 esseficta
2206 1402 2440 1471 profes·-
2515 1457 2517 1460 ,
2579 1477 2582 1486 k

148 1473 306 1526 sione
333 1470 781 1524 Christianismi
814 1485 950 1534 cum
975 1471 1108 1522 Deo
1138 1470 1484 1535 ludendum,
1522 1486 1591 1522 ac
1621 1468 1669 1520 si
1693 1468 1959 1523 diceret:
2002 1472 2308 1551 Quum'ita
2330 1472 2441 1539 hy-

124 1540 405 1610 ¹pocritas
433 1542 596 1593 Deus
627 1541 932 1593 ulciscitur
957 1556 1166 1592 eorum
1193 1540 1527 1608 nequitiam
1559 1538 1882 1607 detegendo
1901 1577 1917 1605 ,
1973 1540 2273 1606 discamus
2311 1540 2439 1592 sin-

149 1622 280 1663 cera·
307 1609 675 1662 conscientia
701 1626 836 1661 eum
866 1609 1101 1675 timere,
1137 1621 1214 1659 ne
1246 1608 1390 1676 quid
1417 1606 1593 1661 nobis
1620 1607 1815 1660 simile
1833 1608 2176 1677 contingat.
2260 1610 2439 1679 Quis-

64 1691 67 1698 ·
146 1680 273 1749 quis
310 1695 465 1747 ergo·
487 1679 686 1730 Deum
724 1677 994 1742 invocat,
1044 1676 1158 1728 hoc
1196 1688 1315 1744 est,
1366 1696 1427 1729 se
1458 1693 1529 1729 ex
1558 1677 1781 1743 populo
1806 1676 1925 1728 Dei
1957 1694 2088 1739 esse
2117 1677 2439 1746 profitetur

147 1763 212 1799 ac
239 1741 473 1799 censeri
505 1747 671 1813 vult,
712 1746 787 1796 ab
817 1746 993 1823 omni*
1013 1744 1328 1815 impietate
1356 1746 1570 1815 procul
1599 1744 1773 1797 absit.
1809 1749 1812 1752 '
1847 1747 2001 1798 Nam
2028 1744 2132 1797 hic
2160 1747 2439 1800 invocare

146 1834 351 1870 nomen
384 1818 611 1870 Christi
641 1815 889 1883 perinde
917 1815 1073 1868 valet
1100 1824 1278 1884 atque
1308 1815 1558 1884 gloriari
1589 1813 1715 1866 eius
1743 1814 1921 1866 titulo
1942 1851 1958 1881 ,
1999 1814 2094 1865 vel
2120 1814 2344 1867 iactare
2369 1832 2439 1868 se
2518 1831 2525 1867 ι

104 1918 109 1922 ·
148 1901 273 1937 esse
309 1902 378 1936 ex
416 1901 602 1955 grege
647 1884 845 1950 illius,
899 1883 1392 1953 quemadmodum
1433 1887 1548 1937 Ies.
1575 1884 1630 1947 4,
1658 1883 1709 1933 1.
1754 1892 1814 1935 et
1843 1884 2057 1936 Genes'.
2084 1883 2175 1949 48,
2212 1883 2314 1936 19.Ἴ
2344 1883 2437 1936 in-

146 1954 344 2006 vocari
381 1971 605 2005 nomen
647 1953 765 2003 viri
804 1970 984 2024 super
1022 1954 1365 2018 mulierem,
1404 1952 1709 2021 significat
1735 1943 2055 2008 mulierem
2081 1950 2318 2005 censeri
2345 1953 2435 2005 le—

147 2023 351 2094 gitima
387 2022 669 2090 coniugis
709 2022 1142 2088 appellatione,
1188 2030 1247 2072 et
1275 2038 1495 2074 nomen
1530 2019 1705 2073 Iacob
1736 2018 2008 2072 invocari
2038 2036 2215 2091 super
2245 2031 2436 2075 totam
2496 2026 2501 2030 ’

145 2093 443 2156 sobolem,
489 2095 577 2143 est'
603 2090 863 2143 familiae
892 2108 1110 2145 nomen
1141 2090 1391 2142 retineri
1422 2099 1708 2162 perpetua
1734 2091 1938 2160 serie,
1968 2106 2039 2141 eo
2068 2090 2437 2162 quodni-igi-

144 2179 274 2213 nem
306 2162 378 2213 ab
413 2161 551 2228 ipso
581 2161 778 2212 ducat.
816 2176 818 2178 ’
891 2201 896 2205 .
1799 2176 1804 2180 ·
1983 2215 1984 2220 ¹
2084 2166 2088 2170 ’

122 2240 125 2244 “
271 2230 355 2282 20.
427 2231 502 2280 In
531 2246 742 2294 magna
772 2229 1001 2297 quidem
1029 2228 1216 2279 domo.
1304 2229 1434 2279 lam
1475 2225 1725 2279 ulterius
1765 2226 1995 2295 pergit,
2048 2244 2117 2278 ac
2152 2227 2436 2282 simflita-

145 2299 275 2351 dine
310 2299 710 2363 demonstrat,
762 2298 907 2349 adeo
946 2313 1066 2349 non
1102 2297 1315 2366 debere
1351 2313 1460 2347 nos
1494 2294 1758 2361 turbari,
1798 2312 1975 2363 quum
2006 2295 2239 2365 aliquos
2270 2297 2436 2349 vide-

143 2385 301 2433 mus,
358 2367 463 2438 qui
506 2367 578 2417 ad
613 2375 846 2433 tempus
891 2367 1162 2430 eximiam
1201 2368 1498 2434 pietatem
1536 2375 1595 2417 et
1632 2380 1929 2415 summum
1969 2365 2161 2417 zelum
2192 2381 2337 2434 prae
2370 2382 2435 2417 se

144 2436 439 2502 tulerunt,
477 2433 740 2504 turpiter
766 2435 1070 2504 retroagi:
1124 2444 1192 2488 ut
1219 2434 1423 2503 potius
1455 2434 1772 2486 debeamus
1802 2449 2125 2503 agnoscere
2152 2434 2433 2489 decoram

145 2516 202 2558 et
236 2517 432 2576 aptam
477 2503 890 2574 providentiae
931 2505 1167 2559 divinae
1211 2500 1812 2557 administrationem.
1908 2502 2055 2572 Quis
2098 2500 2265 2556 enim
2307 2520 2432 2556 am-

145 2575 298 2642 plam
347 2576 595 2627 domum
647 2573 1043 2640 vituperabit,
1108 2574 1158 2627 si
1213 2574 1374 2625 omni
1430 2589 1654 2642 genere
1704 2570 2099 2639 supellectilis
2145 2573 2430 2641 abundet,

141 2643 387 2714 ideoque
424 2659 563 2695 vasa
604 2641 823 2694 habeat
858 2646 1255 2695 non‘tantum
1289 2642 1364 2693 ad
1400 2641 1737 2710 splendidos
1780 2656 1916 2692 usus
1956 2641 2460 2710 accommodata,‘'
2499 2692 2500 2695 ,
2589 2676 2594 2682 =

145 2712 241 2765 sed
278 2713 461 2764 etiam
510 2710 655 2761 viles
681 2723 761 2761 'ac
805 2702 1151 2778 pudendos?
1227 2715 1353 2764 Imo
1386 2711 1537 2763 haec
1565 2709 1871 2762 distinctio
1901 2708 1971 2761 ad
1994 2720 2278 2775 ornatum
2296 2726 2434 2780 per·

142 2781 326 2845 tinet,
369 2781 416 2833 si
449 2777 950 2850 quemadmodum
978 2779 1177 2848 fulget
1204 2782 1421 2851 abacus
1442 2788 1503 2832 et
1529 2796 1730 2832 mensa
1759 2794 1916 2830 auro*
1936 2785 1996 2830 et
2021 2787 2299 2846 argent0,
2347 2783 2433 2832 sic

141 2848 338 2905 culina
380 2848 672 2903 fictilibus
704 2857 777 2898 -et
817 2848 1098 2900 testaceis
1139 2849 1433 2901 instructa
1471 2859 1579 2900 est.
1654 2846 1805 2918 Quid
1837 2861 1981 2914 ergo
2012 2848 2340 2913 miramur,
2378 2848 2432 2900 si
2501 2862 2505 2873 ’

139 2918 317 2985 Deus,
338 2927 464 2971 tam
490 2917 658 2969 dives
676 2926 753 2968 -et
777 2917 1046 2985 copiosus
1075 2916 1532 2986 paterfamilias,-
1554 2918 1615 2968 in
1647 2916 1765 2968 hoc
1787 2915 2032 2983 mundo,
2053 2925 2335 2984 tanquam
2364 2916 2430 2968 in

143 2985 333 3056 ampla
374 2988 590 3052 domo,
638 2985 831 3043 varios
874 2985 1096 3038 habeat
1133 2987 1437 3052 homines,
1483 2996 1766 3054 tanquam
1798 2984 2198 3053 multiplicem
2225 2985 2430 3055 supel-

143 3053 443 3108 lectilem?
520 3056 840 3108 Caeterum
865 3071 986 3107 non
1015 3057 1299 3107 convenit
1329 3057 1492 3106 inter
1524 3055 1918 3123 interpretes,
1964 3071 2039 3105 an
2068 3053 2279 3106 domus
2305 3071 2430 3121 ma-

142 3137 251 3190 gna
283 3124 610 3189 Ecclesiam
652 3123 875 3192 solam,
923 3143 997 3177 an
1044 3132 1238 3177 totum
1277 3123 1922 3192 mundums'ignii'icet.
1994 3126 2076 3174 Ac
2118 3131 2454 3176 contextus

141 3191 376 3259 quidem
416 3193 536 3245 huc
568 3192 770 3261 potius
812 3191 1154 3260 nos'¹ducit,
1216 3194 1393 3246 ut-de
1437 3191 1700 3244 Ecclesia
1735 3190 2169 3260 intelligamus.
2233 3208 2464 3262 neque²

141 3259 297 3314 enim
335 3252 757 3327 deeitraneis,
786 3261 1055 3330 disputat
1081 3263 1293 3316 Paulus
1312 3299 1328 3327 ,
1379 3264 1483 3314 sed
1508 3262 1582 3312 de
1613 3261 1743 3330 ipsa
1766 3260 1880 3312 Dei
1912 3259 2167 3313 familia.
2245 3261 2438 3331 Quod
2513 3272 2516 3275 ’

139 3336 335 3382 tamen
369 3331 755 3399 pronuntiat,
803 3329 1167 3400 generaliter
1209 3348 1419 3382 verum
1457 3340 1563 3383 est.
1616 3330 1883 3399 adeoque
1919 3329 2066 3382 alibi
2104 3331 2175 3381 ab
2220 3330 2429 3383 eodem

139 3399 420 3466 Apostolo
456 3399 530 3450 ad
569 3409 764 3452 totum
809 3399 1092 3452 mundum
1133 3399 1508 3467 extenditur:
1560 3399 1629 3451 ad
1654 3398 1952 3452 Romanos
1976 3397 2209 3451 scilicet
2237 3398 2430 3467 capite
2517 3450 2522 3459 s

138 3463 189 3532 9,
215 3467 328 3534 21„
368 3468 470 3522 ubi
490 3468 779 3535 reprobos
808 3485 1006 3520 omnes
1037 3468 1154 3533 hoc
1183 3469 1430 3520 nomine
1459 3466 1929 3536 comprehendit.
1980 3532 1986 3537 .
2015 3467 2268 3520 Proinde
2305 3484 2429 3521 non

137 3535 305 3587 valde
337 3537 721 3605 pugnandum
752 3548 863 3604 est,
901 3537 951 3589 si
982 3539 1113 3606 quis
1140 3538 1210 3590 ad
1238 3539 1524 3589 mundum
1553 3535 1914 3606 simpliciter
1941 3537 2180 3589 referat.
2232 3539 2430 3608 Quat-²

137 3620 312 3672 quam
352 3622 475 3657 non
514 3605 759 3658 dubium
803 3602 944 3671 est,⁴
984 3607 1127 3674 quin
1169 3607 1380 3660 Paulus
1419 3605 1538 3658 huc
1579 3606 1815 3671 tendat,
1863 3621 1985 3655 non
2023 3605 2241 3657 debere
2279 3607 2427 3658 adeo

139 3670 325 3792 yidizri
354 3674 672 3794 elibsurdum
690 3711 708 3742 ,
749 3675 907 3745 quod
942 3674 1087 3727 mali
1113 3675 1292 3727 bonis
1328 3674 1602 3745 permisti
1633 3673 1786 3741 sint,
1826 3674 1983 3744 quod
2008 3672 2331 3743 praecipue
2358 3675 2431 3728 fit

137 3751 203 3791 1n
290 3758 355 3792 cc
389 3743 521 3797 esic.
1176 3746 1185 3758 “
1584 3778 1588 3782 -
1633 3736 1638 3756 ¹

113 3814 119 3821 ’
267 3809 354 3862 21.
443 3811 510 3862 Si
536 3812 669 3878 quis
699 3829 833 3877 ergo
865 3813 1292 3879 expurgaverit.
1368 3811 1437 3866 ‘Si
1478 3810 1724 3880 reprobi
1770 3828 1905 3863 vasa
1944 3818 2081 3864 sunt
2114 3812 2176 3863 in
2221 3820 2428 3866 contu-

135 3875 405 3947 meliam,
452 3890 582 3932 eam
609 3880 670 3930 in
694 3896 755 3932 se
783 3881 1074 3934 inclusam
1099 3881 1356 3947 habent,
1408 3881 1650 3933 domum
1687 3890 1888 3932 tamen
1916 3897 2039 3932 non
2066 3881 2425 3949 deformant,

133 3960 244 3997 nec
269 3947 524 4009 dedecus
551 3948 742 4002 ullum
775 3949 1034 4002 afferunt
1062 3950 1507 4019 patrifamilias,
1547 3949 1650 4019 qui
1675 3949 1741 4000 in
1767 3950 2051 4002 varietate
2082 3950 2426 4020 supellecti-

134 4011 212 4064 lis
255 4018 718 4087 unumquodque
758 4035 855 4069 vas
898 4018 970 4070 ad
1009 4035 1210 4085 usum,
1254 4022 1438 4090 'quem
1477 4027 1774 4085 meretur,
1828 4018 2107 4072 destinat.
2181 4020 2295 4074 Sed
2317 4034 2427 4071 nos

134 4097 338 4137 eorum
381 4087 652 4155 exemplo
692 4085 986 4147 discamus
1028 4089 1102 4141 ad
1139 4091 1419 4142 honestos
1460 4097 1522 4139 et
1560 4086 1839 4139 meliores
1874 4104 2013 4141 usus
2053 4105 2160 4142 nos
2196 4098 2425 4157 aptare.

134 4150 282 4203 Nam
319 4153 385 4204 in
425 4154 702 4222 reprobis
742 4155 987 4223 perinde
1031 4174 1101 4210 ac
1146 4158 1210 4210 in
1251 4156 1512 4225 speculis
1552 4154 1996 4224 conspicimuS,
2027 4170 2220 4226 ‘quam
2259 4158 2294 4209 d
2334 4162 2425 4206 te—

140 4221 344 4297 standa
379 4222 458 4274 sit
489 4224 754 4276 hominis
786 4223 1073 4291 conditio,
1109 4226 1356 4278 nisiDei
1386 4224 1617 4295 gloriae
1651 4242 1721 4276 ex
1748 4225 1939 4279 animo
1967 4227 2203 4291 serviat,
2348 4240 2425 4294 go

141 4291 419 4353 eiusmodi
457 4294 725 4362 exempla
765 4293 1060 4361 optimam
1098 4293 1536 4347 exhortationis
1579 4293 1895 4347 materiam
1917 4295 2091 4346 nobis
2118 4292 2255 4362 prae
2302 4301 2427 4362 ent,

136 4362 202 4405 ut
226 4361 528 4412 sanctitati
559 4370 621 4412 et
649 4362 1034 4414 innocentiae
1062 4365 1446 4417 studeamus.-
1496 4362 1669 4432 Quod
1712 4372 1911 4415 autem
1945 4362 2127 4415 multi
2167 4362 2425 4414 abutun-

135 4428 230 4505 tur
269 4426 384 4479 hoc
422 4429 800 4498 testimonio,
851 4441 918 4487 ut
962 4430 1494 4505 penesvolentem
1540 4440 1602 4484 et
1641 4440 1989 4486 currentem
2030 4430 2424 4505 constituant,

916 4590 1022 4635 γιθ

1927 4628 1958 4641 ἐ
1981 4642 1988 4649 1
