2820 4895
501 160 504 167 ·
553 144 574 185 N

645 258 787 326 An
851 226 1789 329 nss-BRAEosscn.x.
1874 336 1877 343 ‚
2072 278 2085 292 x
2247 270 2379 369 469

261 433 315 494 5.
356 429 791 517 Quapropter
817 425 1207 515 ingrediens
1235 430 1303 489 in
1334 428 1686 505 mundum,
1722 429 1887 497 dicit
1917 431 2113 520 (Psaz.
2135 443 2240 515 40,
2257 439 2368 520 7.):

111 513 484 581 Sacrificium
543 527 611 577 et
665 511 1072 577 oblationem
1129 511 1448 587 noluisti3
1526 535 1776 601 corpus
1836 529 2059 582 autem
2117 524 2367 606 aptasti

107 603 287 680 mihi3
359 603 412 665 6.
457 596 867 663 Holocausta
910 609 977 661 et
1020 601 1321 666 victimas
1360 617 1493 682 pro
1530 613 1810 683 peccato
1853 623 1990 665 non
2036 608 2361 689 prpbasti.

108 690 164 751 7.
219 684 394 749 Tunc
417 684 612 747 dixi:
666 683 850 749 Ecce
892 681 1162 762 adsum3
1214 686 1285 745 in
1327 687 1550 767 capite
1589 682 1749 748 libri
1787 690 2119 772 scriptum'
2145 692 2369 754 estde

102 792 235 845 me,
282 782 352 832 ut
374 768 649 844 faciam,
709 789 751 830 o
783 768 1000 842 DeuS‚
1062 766 1474 850 voluntatem
1504 782 1709 832 tuam.
1808 773 1867 842 8.
1912 773 2365 859 Quum-prins

103 856 390 919 dixisset:
423 853 868 917 ’Sacrificium
911 864 977 915 et
1021 850 1466 927 oblationem,
1522 851 1913 918 holocausta
1948 868 2015 921 et
2052 862 2359 924 victimas

149 961 221 1002 ro
251 950 514 1026 peccato
547 936 874 1014 noluisti,
907 950 1161 1019 ‘'neque
1203 932 1701 1025 comprobasti,
1771 959 1940 1021 quae
1982 940 2381 1009 secundum*

98 964 328 1108 {egem
353 1022 767 1102 offeruntur;
860 1025 921 1087 9.
987 1022 1184 1084 Tunc
1212 1020 1433 1084 dixit:⁷
1474 1024 1652 1087 Ecce
1680 1026 1953 1103 adsum,
1995 1041 2069 1091 ut
2094 1028 2363 1108 faciam,
2442 1076 2451 1085 ,

99 1104 363 1185 oDeuS,
415 1107 824 1185 voluntatem
871 1118 1078 1177 tuam,
1180 1105 1390 1170 Tollit
1430 1111 1654 1192 prius,
1711 1121 1786 1173 ut
1816 1111 2362 1177 secundumstae

97 1205 255 1268 tuat,
336 1198 425 1256 10.
470 1193 545 1255 ln
576 1212 704 1273 qua
734 1190 1089 1256 voluntate
1111 1187 1506 1256 sanctificati
1535 1200 1766 1259 sumus
1792 1215 1917 1282 per
1944 1196 2358 1263 oblationem

100 1278 384 1375 corporis
414 1278 563 1341 lesu
593 1274 849 1340 Christi
879 1275 1106 1341 semel.
1155 1280 1160 1287 ’
2360 1298 2365 1303 κ

221 1396 307 1451 5„
392 1407 698 1460 napi-optet·
724 1394 1074 1459 ingrediens.
1142 1391 1258 1453 Hic
1288 1393 1353 1449 in
1379 1393 1667 1449 mundum
1694 1394 1996 1464 ingressus
2026 1397 2148 1451 fuit
2169 1400 2377 1453 mani-2

95 1463 346 1531 {estatiox
391 1464 563 1516 bristi
593 1462 658 1513 in
694 1479 894 1517 earne.
977 1463 1127 1517 Nem
1170 1479 1352 1531 quum
1388 1463 1656 1518 homini·
1692 1475 1968 1518 naturam
2001 1467 2236 1535 induit,
2288 1479 2359 1522 ut

96 1534 530 1600 Redemptorem
557 1531 778 1585 mundo
807 1540 1173 1599 praestaret,
1224 1542 1285 1583 et
1310 1532 1587 1600 apparuit
1609 1533 2003 1589 hominihus:
2034 1546 2180 1589 tunc
2205 1538 2357 1590 dici-

92 1614 192 1656 tur
224 1601 282 1655 in
316 1603 593 1657 mundum
632 1600 866 1651 venisse
883 1638 909 1666 ‚.
953 1598 1128 1655 sicut
1156 1599 1303 1655 alibi
1343 1602 1619 1666 (Iohann-
1643 1602 1698 1667 6,
1726 1602 1842 1668 41.)
1879 1604 2255 1665 descendisse
2283 1625 2355 1660 ex

92 1673 275 1725 coelo.
338 1672 597 1722 Psalmus
628 1680 825 1721 tamen
859 1668 1368 1738 quadragesimus,
1405 1688 1591 1741 quem,
1612 1673 1785 1737 citat,
1826 1673 2056 1727 videtur
2083 1675 2155 1727 ad
2185 1676 2356 1733 Chri-

90 1752 239 1801 stum
278 1739 561 1793 violenter
602 1738 905 1806 torqueri3
956 1755 1092 1789 nam
1130 1737 1194 1790 in
1231 1738 1354 1793 eius
1387 1740 1712 1809 ¹personam
1754 1741 2004 1794 minime
2042 1744 2356 1812 competit,

90 1811 239 1879 quod
279 1809 414 1860 [illic
465 1810 752 1872 habetur,
810 1807 1166 1875 Iniquitates
1208 1823 1376 1859 meae
1424 1810 2012 1879 comprehenderunt
2057 1829 2184 1880 me,
2234 1813 2359 1881 nisi

90 1879 234 1949 quod
258 1880 654 1947 membrorum
684 1875 818 1927 vitia
848 1876 1118 1928 Christus
1146 1877 1305 1928 ultro
1333 1877 1395 1928 in
1423 1896 1487 1930 se
1511 1880 1743 1947 recipit.
1770 1876 1784 1941 ‚⁸
1818 1882 2039 1941 Totum
2065 1891 2230 1935 certe
2261 1892 2356 1935 ar-

90 1958 414 2018 gumentum
449 1946 690 2015 proprie
717 1945 934 1997 Davidi
980 1945 1283 2007 convenit;
1332 1947 1435 1999 sed
1478 1947 1620 2016 quia
1661 1958 1870 2001 notum
1908 1958 2030 2014 est,
2063 1952 2356 2017 Davidem

90 2015 301 2072 Christi
336 2017 514 2069 fuisse
554 2027 795 2082 typum,
849 2012 1001 2082 nihi-l
1041 2014 1278 2065 absurdi
1319 2024 1442 2080 est,
1484 2016 1624 2067 siin
1653 2016 1956 2070 Christum
1988 2021 2354 2073 transferan-

90 2104 207 2152 2ur,
298 2086 494 2143 uaede
522 2101 584 2136 se
619 2083 884 2150 pradieat
912 2082 1135 2148 David,
1187 2100 1257 2133 ac
1288 2084 1643 2149 praesertim
1670 2086 1771 2140 ubi
1801 2088 2026 2139 mentio
2054 2088 2124 2139 fit
2152 2088 2223 2140 de
2251 2091 2355 2142 ab.

90 2104 346 2226 wgangis
370 2154 676 2205 sacrificiis
704 2151 1053 2221 Legalibus,
1106 2151 1278 2205 sicuti
1321 2152 1435 2222 hoo
1468 2154 1641 2219 loco,
1693 2171 2036 2224 quanquam
2063 2174 2183 2211 non
2213 2176 2353 2210 con·

90 2226 552 2290 iedunt*omnes,
594 2223 750 2279 hunc
779 2220 971 2272 verbis
999 2237 1231 2272 sensum
1256 2221 1470 2273 inesse.
1545 2224 1766 2277 Putant
1790 2226 1948 2279 enim
1978 2243 2097 2278 non
2125 2226 2354 2296 simpli.

90 2296 227 2347 :iter
254 2293 353 2345 hic
383 2290 683 2360 repudiari
711 2289 1040 2348 sacrificia;
1079 2290 1181 2357 sed
1209 2288 1466 2342 refutari
1493 2293 1955 2363 superstitiosam
1989 2296 2352 2365 opinionem,

88 2381 225 2433 [uae
258 2360 448 2429 vulgop
465 2361 827 2427 invaluerat,
867 2357 1022 2427 quod
1055 2358 1233 2428 vulgo
1263 2360 1325 2410 in
1353 2358 1864 2431 illis-statueretur
1897 2372 2053 2415 totus
2083 2364 2196 2415 Dei
2225 2367 2353 2419 cul·

88 2452 187 2486 zus.
270 2430 437 2502 Quod
466 2429 516 2483 si
547 2429 634 2482 ita
664 2438 847 2494 esset,
901 2445 1109 2498 parum
1138 2428 1363 2481 valeret
1392 2429 1507 2480 hoc
1539 2428 1949 2485 testimonium
1979 2434 2050 2485 ad
2079 2450 2356 2502 praesen-

88 2518 194 2554 :em
233 2517 486 2553 causam.
557 2501 770 2568 Quare
804 2498 967 2549 hunc
1003 2498 1201 2551 locum
1243 2495 1488 2566 propius
1531 2508 1811 2552 excutere
1842 2516 2060 2569 operae
2088 2503 2355 2572 pretium

88 2581 196 2636 ist,
248 2579 314 2622 ut
353 2578 622 2633 constet,
666 2584 738 2624 au
769 2566 1039 2635 apposite
1066 2584 1199 2619 eum
1226 2568 1341 2618 huc
1372 2569 1686 2635 Apostolus
1722 2570 2046 2626 adduxerit.
2130 2573 2351 2624 Passim

88 2631 225 2704 :pud
263 2638 589 2707 Prophetas
633 2645 959 2689 occurrunt
1000 2635 1153 2687 istae
1189 2635 1558 2701 sententiae,
1617 2637 1914 2692 sacrificia
1953 2657 2071 2691 non
2112 2640 2355 2708 placere

88 2713 234 2774 Deo,
285 2725 399 2760 neo
440 2709 625 2757 ab·eo
668 2704 930 2775 requiri,
980 2723 1090 2757 nec
1132 2703 1450 2773 quicquam
1487 2707 1665 2775 pretii
1706 2708 1958 2782 haboere:
1996 2709 2116 2761 imo
2151 2710 2367 2774 potius*

88 2776 501 2834 ‚hominationi
546 2779 690 2827 esse.
776 2779 848 2826 At
884 2784 1027 2825 tunc
1065 2785 1182 2824 non
1223 2773 1467 2840 vitium,
1519 2775 1674 2843 quod
1708 2774 1950 2829 haereat
1978 2777 2296 2834 sacrificiis
2321 2795 2356 2833 a

88 2856 301 2910 astura,
343 2845 447 2895 sed
473 2839 860 2897 adventitium
887 2842 1087 2910 potius
1117 2852 1378 2895 notatur.
1442 2845 1594 2898 Nam
1625 2862 1803 2913 quum
1832 2846 2180 2914 hypocritae
2208 2848 2358 2899 alio-

88 2915 172 2984 [ui
206 2915 267 2965 in
307 2931 412 2967 sua
443 2913 758 2979 impietate
784 2910 1068 2964 obstinati
1101 2913 1289 2965 Deum
1320 2913 1635 2973 sacrificiis
1667 2913 1906 2982 placare
1933 2915 2187 2980 vellent,
2237 2916 2380 2976 hoc,

88 2983 245 3038 nodo
288 2983 577 3051 arguendi
623 2983 884 3034 fuerunt.
956 2982 1152 3048 Quare
1187 2981 1518 3048 Prophetae
1553 2983 1844 3039 sacrificia
1876 2983 2192 3050 reficiunt,
2232 3003 2371 3048 non⁸

89 3047 361 3104 *uatenus
395 3052 666 3102 instituta
694 3060 860 3103 erant
883 3065 914 3099 a
947 3051 1107 3114 Dec,
1147 3050 1244 3101 sed
1272 3060 1336 3114 ut
1365 3045 1404 3099 εἰ
1429 3051 1733 3102 sceleratis
1763 3051 2110 3106 hominihus
2143 3055 2358 3108 vitiata

88 3117 235 3173 'rant
279 3132 344 3186 et¹
383 3120 694 3186 profanata
732 3121 806 3171 ob
845 3119 1110 3183 impuras
1149 3117 1573 3172 conscientias.
1662 3120 1773 3172 Hic
1802 3122 2027 3180 diversa
2059 3129 2149 3175 est
2181 3124 2356 3176 ratio.

88 3194 274 3259 {eque
305 3190 469 3240 enim
499 3188 793 3241 sacrificia
823 3205 927 3256 per
951 3179 1532 3258 hypoo‘risinpoblata
1554 3227 1568 3249 ,
1629 3189 1719 3241 vel
1748 3192 1890 3246 alias
1921 3209 2041 3248 non
2070 3191 2189 3243 rite
2216 3210 2356 3262 pro-

94 3270 198 3310 ter
234 3259 552 3318 hominum
596 3257 947 3326 pravitatem
984 3267 1044 3307 et
1082 3257 1415 3325 nequitiam
1440 3267 1682 3325 peracta
1710 3253 1987 3324 damnat3
2041 3260 2144 3313 sed
2170 3272 2355 3329 negat
2424 3275 2433 3284 ·

131 3325 254 3395 piis
304 3338 367 3378 et
410 3326 654 3396 sinceris
684 3328 798 3379 Dei
839 3325 1166 3388 cultoribus
1203 3326 1457 3395 requiri.
1530 3328 1621 3377 De
1663 3345 1724 3377 se
1771 3330 1932 3380 enim
1968 3331 2153 3395 *verba
2191 3332 2358 3396 facit,

88 3398 152 3448 ui
187 3396 299 3448 illa
328 3397 548 3448 mundo
580 3396 758 3448 corde
789 3394 1074 3462 purisque
1103 3396 1365 3446 manibus
1396 3393 1720 3459 offerebam
1759 3408 1818 3449 et
1846 3407 2044 3450 tamen
2069 3401 2203 3451 Deo‘
2230 3417 2355 3451 non

88 3467 299 3517 lacere
331 3466 506 3517 dicit.
589 3465 647 3525 Si
678 3464 809 3533 quis
839 3465 1118 3531 excipiat,
1159 3480 1275 3514 non
1308 3480 1414 3530 per
1440 3481 1529 3529 se,
1568 3482 1758 3533 neque
1790 3467 2079 3534 dignitate
2108 3471 2361 3537 propria

88 3551 198 3585 cce
249 3544 311 3586 ta
343 3552 504 3600 esse,
536 3535 649 3605 2sed
676 3543 923 3602 propter
950 3532 1209 3588 alienum
1233 3532 1441 3583 finem:
1492 3550 1697 3585 rursus
1725 3535 1886 3601 dico,
1936 3537 2358 3604 intempestive
2382 3535 2385 3544 '

88 3621 168 3655 oc
229 3618 345 3655 oco
374 3604 570 3670 ingeri
601 3602 884 3654 eiusmodi
913 3618 1267 3653 sermonem.
1343 3603 1515 3653 Tunc
1541 3601 1699 3654 enim
1730 3604 1799 3658 ad
1830 3605 2200 3671 spiritualem
2230 3608 2357 3658 cul-

88 3689 178 3724 im
222 3680 601 3726 revocantur
642 3670 949 3739 homines,
1001 3671 1045 3722 si
1078 3669 1333 3721 externis
1360 3670 1725 3723 ceremoniis
1755 3673 1886 3740 plus
1915 3683 2101 3742 aequo
2129 3676 2358 3728 tribue·

100 3751 197 3793 nt.
281 3743 459 3794 Tunc
503 3741 867 3794 ceremonias
913 3739 1091 3790 nihili
1121 3738 1295 3807 *apud
1332 3741 1526 3793 Deum
1570 3755 1691 3790 esse
1730 3743 2077 3808 pronuntiat
2103 3745 2361 3813 Spiritus

88 3819 340 3875 metus,
397 3825 578 3878 quum
620 3817 860 3877 praeter
901 3811 1140 3861 modum
1178 3809 1506 3860 efferuntur
1533 3809 1841 3862 hominum
1869 3830 2088 3864 errore.
2165 3814 2361 3876 David

88 3888 219 3931 erte
239 3915 258 3943 ‚
297 3896 489 3949 quum
521 3880 664 3947 Legi
693 3878 991 3930 subiectus
1025 3887 1204 3943 esset,
1245 3877 1618 3931 sacrificandi
1647 3896 1875 3931 rnorem
1904 3880 2210 3951 negligere
2237 3902 2360 3936 non

88 3947 281 4000 ebuit.
380 3947 683 3999 Interiore
707 3947 916 3998 cordis
950 3947 1166 3998 affectu
1198 3948 1423 4011 Deum,
1474 3948 1699 4010 fateor,
1746 3948 1952 4001 debuit
1982 3952 2204 4015 colere3
2257 3954 2361 4007 sed

88 4015 440 4082 saeterire,
481 4018 635 4085 quod
662 4016 756 4068 illi
788 4018 949 4068 Deus
976 4017 1386 4081 mandaverat,
1425 4016 1513 4066 fas
1540 4033 1656 4067 non
1687 4017 1823 4078 fuit„
1896 4020 2123 4071 Habuit
2159 4031 2361 4082 autem

88 4103 390 4139 ›mmune
419 4104 535 4139 una
565 4104 699 4138 cum
727 4084 978 4154 reliquis
1007 4086 1274 4136 om'nihus
1301 4085 1680 4140 sacrificandi
1711 4087 2067 4143 mandatum.
2119 4093 2221 4142 itas
2240 4091 2366 4144 col·-

88 4157 338 4222 gimus‚
385 4156 656 4224 ,longius
701 4172 873 4223 quam
914 4155 984 4204 ad
1024 4155 1231 4205 aetatis
1276 4171 1415 4205 suae
1444 4149 1742 4206 rationem
1781 4158 1969 4225 ipsum
2016 4161 2369 4229 respexisse,

89 4241 240 4276 ium
291 4224 567 4277 diceret:
619 4222 996 4278 Sacrificium
1036 4223 1310 4275 noluisti.
1385 4221 1559 4274 -Istud
1599 4225 1833 4290 quidem
1877 4223 2056 4278 etiam
2098 4235 2389 4299 tempore'

88 4292 303 4347 avidis
353 4302 567 4345 ‘verum
605 4294 802 4360 aliqua
839 4308 908 4344 ex
950 4305 1117 4359 parte
1159 4291 1305 4357 fuit,
1368 4293 1562 4344 Deum
1606 4294 1906 4345 sacrificia
1946 4313 2068 4347 non
2110 4299 2368 4364 morari3

93 4363 133 4414 d
175 4364 336 4430 quia
371 4363 568 4415 adhuc
598 4363 704 4415 sub
734 4361 876 4429 iugo
906 4360 1302 4431 paedagogiae
1331 4361 1696 4413 tenebantur
1725 4379 1959 4414 omnes:
2003 4367 2229 4420 cultum
2244 4371 2374 4420 Deo

97 4443 380 4502 tegrum
432 4441 738 4502 praestare
778 4445 894 4483 non
940 4439 1190 4501 poterat
1216 4430 1416 4483 David
1459 4428 1581 4481 nisi
1616 4431 1901 4490 eiusmodi
1936 4433 2131 4488 forma
2170 4441 2265 4504 (ut
2292 4437 2381 4491 ita

297 4609 328 4618 .-
