2820 4895
344 197 487 323 ⁰316
550 213 553 216 ¹
666 331 671 352 f
913 254 1026 319 m
1090 251 1716 319 EPISTOLAE
1775 252 2107 323 PAULI

345 421 627 489 factam.-
678 419 896 491 procul
934 419 1112 474 dubio
1150 419 1543 490 allegoricam
1579 422 1988 489 nescio·un
2011 421 2516 482 tesan-cetininam
2540 423 2659 476 fin·

357 490 573 560 gendo.
626 489 783 561 quod
821 488 1001 543 etiam
1036 490 1150 542 hac
1186 497 1384 541 aetate
1413 498 1728 542 tentarunt
1743 488 1983 557 ,impuri
2017 489 2260 560 quidam
2291 507 2485 543 canes.
2552 497 2660 544 At·-

359 576 477 629 qne
514 560 632 612 hoc
676 559 928 611 artificio
973 556 1364 626 praecipuum
1404 557 1560 610 illud
1595 558 1741 609 fidei
1780 567 2025 610 nostrae
2062 559 2352 627 caputde
2392 576 2662 612 resurre-

346 625 557 692 ctione
599 627 797 680 carnis
835 626 1069 682 subruit
1102 627 1300 679 Satan.
1387 628 1560 694 Quod
1592 639 1755 679 vetus
1787 637 1876 678 est
1905 646 1976 680 ac
2007 628 2339 682 obsoletum
2367 628 2480 679 hoc
2507 627 2662 680 deli-

355 696 550 762 rium,
632 697 750 752 uod
786 705 907 751 tam
948 712 1157 748 severe
1195 695 1546 748 damnatum
1581 713 1617 747 a
1656 694 1879 762 Paulo,
1929 695 2125 748 minus
2151 695 2395 748 turbare
2422 714 2527 748 nos
2555 694 2690 756 deq·

356 767 484 819 bet.
533 715 636 818 se‘d
679 783 862 835 quum
900 764 1208 832 audimus,
1260 764 1386 815 iam
1417 773 1562 817 tunc
1596 765 1667 815 ab
1700 764 2017 832 Evangelii
2050 766 2292 820 exordio
2323 766 2661 816 subversam
2707 775 2718 786 ⁸

343 836 548 903 fuisse
593 836 954 904 quorundam
985 834 1172 901 fidem
1191 870 1207 896 ,
1253 831 1373 884 tale
1404 833 1742 902 exemplum
1770 849 1989 885 acuere
2020 834 2197 885 debet
2224 843 2491 885 nostram
2518 834 2662 901 dili-

357 902 656 973 gentiam,
705 912 771 956 ut
797 912 1026 956 mature
1054 919 1087 952 a
1111 900 1284 954 nobis
1310 909 1370 950 et
1396 901 1535 952 aliis
1567 911 1801 954 tantam
1827 910 2060 970 pestem
2088 919 2416 954 arceamus.
2503 906 2660 960 Nam

360 978 381 1038 (
426 988 535 1024 uae
563 972 635 1025 ad
660 972 987 1024 vanitatem
1009 980 1099 1023 est
1116 966 1434 1022 hominum
1451 971 1795 1038 propensio)
1823 971 1990 1022 nulla
1991 980 2107 1048 ,est
2134 980 2260 1023 tam
2282 981 2662 1026 monstruosa

358 989 694 1095 elisurditas
711 1080 729 1108 ‚
770 1040 868 1094 cui
891 1056 1017 1092 non
1044 1048 1287 1108 apertae
1313 1036 1435 1091 sint
1459 1040 1832 1109 quorundam
1859 1031 2054 1093 aures.

748 1125 755 1148 J
1748 1127 1750 1133 2

532 1203 631 1264 19.
677 1199 982 1263 Firmum
1005 1211 1228 1262 tamen
1261 1175 1776 1264 fundamentum
1809 1198 1940 1262 Dei
1972 1211 2139 1276 stat,
2183 1196 2439 1270 habens
2465 1199 2662 1288 sigil-

353 1285 497 1352 lum
540 1284 702 1350 hoc:
750 1285 960 1351 Novit
976 1284 1348 1361 Dominus,
1394 1287 1511 1368 qui
1540 1288 1677 1347 sint
1706 1287 1833 1349 sui.
1918 1283 2036 1347 Et:
2078 1285 2402 1350 Discedat
2429 1287 2511 1349 ab
2543 1292 2661 1348 in-‹

353 1372 648 1448 iustitia,
710 1372 1096 1453 quicunque
1127 1372 1400 1435 invocat
1445 1390 1692 1436 nomen
1735 1365 2012 1435 Christi.
2129 1373 2231 1434 20.
2294 1370 2371 1433 ln
2416 1391 2665 1456 magua

342 1454 634 1540 quidem
676 1454 881 1520 domo
923 1476 1059 1517 non
1104 1452 1322 1518 solum
1370 1466 1529 1538 sunt
1564 1473 1721 1519 vasa
1761 1472 1960 1517 aurea
2001 1465 2074 1518 et
2110 1467 2460 1538 argentea,
2537 1454 2665 1519 sed

358 1543 564 1605 etiam
605 1538 827 1625 lignea
868 1551 940 1603 et
976 1537 1240 1615 fictilia,
1292 1549 1364 1602 et
1405 1537 1533 1600 alia
1576 1538 1847 1622 quidem
1886 1542 1957 1601 in
2002 1537 2375 1616 honorem,
2427 1539 2557 1601 alia
2586 1544 2662 1603 in

358 1623 859 1689 contumeliam.
924 1630 1027 1688 21.
1070 1623 1146 1686 Si
1174 1626 1327 1708 quis
1358 1643 1522 1709 ergo
1554 1626 2022 1710 expurgaverit
2053 1645 2126 1688 se
2154 1627 2378 1710 ipsum
2412 1626 2494 1687 ab
2529 1623 2664 1698 his,

316 1723 327 1766 s·
350 1711 492 1774 verit
518 1728 632 1774 vas
660 1712 728 1770 in
760 1707 1090 1773 honorem
1119 1704 1644 1787 sanctificatum,
1699 1720 1766 1772 et
1798 1707 1967 1773 utile
1992 1709 2290 1773 Domino
2327 1708 2412 1774 ad
2453 1730 2662 1773 omne

357 1814 532 1882 opus
562 1795 818 1859 bonum
849 1805 1334 1881 comparatum.

332 1971 336 1978 ,
496 1929 601 1992 19.,
653 1928 907 1983 Firmum
934 1944 1143 1983 tamen.
1216 1931 1354 1983 Plus
1382 1930 1523 1983 satis
1554 1926 1916 1996 experimur,
1954 1938 2248 1998 quantum
2284 1927 2527 1999 pariant
2564 1931 2662 1984 of-

354 1998 654 2054 fendiculi
689 2016 896 2053 eorum
928 1999 1326 2064 defectiones,
1367 1998 1470 2068 qui
1506 2000 1751 2051 eandem
1783 1997 2096 2052 nobiscum
2124 1999 2305 2051 fidem
2333 1999 2657 2067 aliquando

255 2092 277 2105 ·
357 2078 500 2124 sunt
545 2068 828 2136 professi.
877 2068 1226 2136 praesertim
1268 2085 1409 2119 vero
1454 2066 1515 2118 id
1553 2068 1611 2120 in
1647 2067 1989 2120 hominibus
2021 2068 2178 2120 notis
2209 2068 2556 2135 contingit,
2599 2078 2659 2121 et

355 2153 614 2258 guorum
643 2154 1032 2205 nomenprae
1056 2137 1196 2189 aliis
1227 2137 1597 2189 celebratum
1627 2137 1763 2188 fuit.
1846 2138 1999 2190 Nam
2026 2136 2076 2189 si
2097 2137 2228 2207 quis
2250 2154 2322 2189 ex
2341 2137 2523 2203 vulgo
2554 2139 2656 2190 de-

404 2206 528 2258 ciat
548 2245 564 2273 ,
607 2224 728 2258 non
756 2206 841 2258 ita
871 2221 1198 2259 movemur.
1276 2209 1350 2257 At
1376 2221 1518 2256 vero
1549 2206 1645 2273 qui
1677 2205 2094 2268 excelluerunt
2124 2204 2429 2260 communi
2462 2207 2658 2257 homi·

356 2291 503 2330 num
556 2277 863 2345 opinione,
911 2275 1092 2327 sicuti
1145 2274 1309 2344 prius
1362 2273 1676 2338 columnae
1711 2273 2113 2328 ‘videbantur-2
2172 2275 2260 2334 ita
2300 2275 2516 2328 cadere
2561 2293 2664 2326 nee

358 2355 615 2414 queunt,
720 2344 820 2397 uin
859 2344 1000 2398 alios
1038 2343 1105 2395 in
1146 2355 1464 2396 commune
1505 2343 1914 2411 praecipitium
1955 2342 2228 2397 trahant:
2285 2344 2499 2395 saltem
2546 2344 2657 2404 nisi

358 2411 601 2466 aliunde
632 2362 915 2467 fficium·
943 2430 1151 2467 eorum
1178 2415 1344 2466 fides.
1392 2407 1524 2463 Hoc
1553 2424 1713 2463 nunc
1740 2411 1865 2481 agit
1881 2413 2115 2467 Paulus.
2156 2412 2461 2483 significat
2492 2413 2653 2464 enim

355 2499 480 2533 non
505 2502 630 2536 esse
651 2500 904 2545 causam,
933 2500 1042 2536 cur
1070 2484 1372 2547 labescant
1402 2481 1513 2549 pii,
1555 2482 1789 2548 etiamsi
1822 2481 2062 2533 videant
2086 2499 2280 2546 ruere,
2309 2499 2455 2550 quos
2478 2491 2656 2549 puta-

350 2552 507 2623 ¹bant
530 2570 652 2604 esse
678 2552 1069 2605 firmissimos.
1141 2553 1326 2604 Porro
1360 2551 1478 2602 hac
1506 2550 1922 2603 consolatione
1957 2551 2183 2615 utitur,
2221 2548 2540 2603 hominum
2572 2552 2654 2604 le·

354 2620 600 2673 vitatem
628 2622 731 2672 aut
756 2620 1066 2688 perfidiam
1093 2638 1215 2673 non
1244 2636 1414 2687 posse
1445 2619 1713 2684 obstare,
1752 2620 2074 2688 quominus
2105 2619 2445 2673 Ecclesiam
2482 2636 2653 2671 suam

351 2689 518 2745 Deus
546 2690 619 2745 ad
646 2698 971 2741 extremum
998 2707 1182 2758 usque
1208 2697 1423 2739 servet.
1498 2690 1580 2738 Ac
1607 2687 1868 2753 primum
1900 2688 2135 2757 quidem
2165 2685 2273 2740 no's
2302 2684 2547 2739 revocat
2580 2690 2650 2740 ad

353 2757 474 2810 Dei
505 2757 899 2822 electionem,
949 2776 1125 2826 quam
1158 2756 1559 2823 metaphorice
1593 2757 1860 2824 appellat
1876 2758 2364 2822 fundamentum,
2414 2757 2655 2810 firmam

357 2835 420 2877 et
457 2826 735 2879 stabilem
781 2827 907 2879 eius
950 2826 1343 2878 constantiam
1375 2826 1494 2876 hoc
1517 2829 1760 2877 nomine
1786 2824 2068 2878 indicans.
2156 2827 2505 2894 Quanquam
2538 2827 2653 2878 hoc

354 2903 558 2947 totum
597 2894 857 2963 pertinet
884 2895 964 2946 ad
1010 2894 1434 2946 certitudinem
1471 2895 1684 2946 salutis
1724 2895 1961 2946 nostrae
2003 2894 2538 2960 comprobandam,
2580 2896 2654 2946 si·

358 2964 600 3034 quidem
638 2981 708 3015 ex
742 2964 944 3016 electis
966 2964 1081 3017 Dei
1113 2980 1335 3029 sumus,
1372 2980 1443 3029 ac
1475 2964 1823 3028 sidiceret,
1862 2978 1984 3013 non
2011 2964 2264 3033 pendere
2296 2963 2522 3016 electos
2540 2966 2653 3016 Dei

358 3049 434 3084 ex
476 3032 662 3084 variis
706 3032 969 3099 eventis,
1021 3033 1133 3084 sed'
1154 3032 1341 3084 inniti
1379 3032 1569 3084 solido
1605 3043 1665 3083 et
1691 3030 1997 3083 immobili
2029 3031 2453 3097 fundament0‚
2509 3033 2654 3102 quia

336 3098 425 3152 'in
473 3117 653 3152 manu
692 3099 809 3152 Dei
858 3102 942 3154 sit·
984 3118 1193 3155 eorum
1244 3102 1422 3153 salus.
1521 3103 1673 3153 Nam
1709 3100 1887 3151 sicuti
1926 3117 2162 3152 omnem
2199 3101 2654 3168 plantationem,

355 3186 536 3238 quam
565 3186 690 3221 non
719 3170 1011 3236 plantavit
1035 3170 1312 3222 coelestis
1330 3172 1526 3233 Pater,
1564 3168 1858 3221 eradicari
1888 3178 2129 3237 oportet
2153 3170 2392 3233 (Matth.
2410 3171 2493 3235 15,
2512 3169 2653 3234 13.):

353 3239 441 3290 ita
461 3238 642 3291 nullis
674 3239 864 3291 ventis
893 3249 995 3291 aut
1018 3239 1301 3308 procellis
1331 3240 1594 3291 obnoxia
1626 3248 1718 3290 est
1743 3238 1915 3290 radix
1934 3277 1951 3299 ‚
2002 3254 2154 3307 quae
2187 3254 2364 3289 manu
2400 3238 2526 3290 eius
2564 3249 2654 3291 est

354 3306 495 3360 fixa.
584 3307 674 3358 Sit
703 3323 847 3374 ergo
872 3308 988 3360 hoc
1018 3306 1312 3375 primum:
1356 3308 1421 3358 in
1452 3308 1566 3360 hac
1594 3316 1762 3358 tanta
1792 3306 2142 3360 infirmitate
2177 3306 2371 3359 carnis
2404 3315 2650 3359 nostrae

358 3375 581 3430 electos
615 3386 813 3427 tamen
857 3393 981 3429 esse
1021 3376 1592 3445 extra-periculum,
1631 3376 1768 3445 quia
1797 3388 1918 3428 non
1946 3385 2104 3428 stent
2132 3375 2653 3443 propriavirtute,

357 3444 462 3496 sed
500 3443 563 3495 in
589 3445 716 3497 Deo
753 3443 869 3496 sint
906 3443 1163 3497 fundati.
1251 3446 1424 3514 Quod
1453 3446 1501 3496 si
1531 3446 1915 3497 fundamenta
1941 3444 2251 3496 hominum
2278 3461 2458 3512 manu
2485 3443 2651 3495 iacta

354 3520 596 3567 tantum
633 3512 859 3567 habent
884 3513 1260 3567 firmitudinis
1280 3552 1295 3577 ‚
1349 3524 1571 3582 quanto
1602 3514 1843 3566 solidius
1879 3513 2031 3578 erit,
2072 3513 2227 3580 quod
2258 3513 2330 3564 ab
2356 3513 2489 3580 ipso
2518 3515 2649 3564 Deo

353 3566 611 3651 positum
651 3580 785 3634 est?
819 3638 821 3643 ⁴
873 3583 1006 3635 Scio
1047 3599 1080 3635 a
1116 3581 1423 3635 nonnullis
1453 3584 1671 3635 referri
1698 3584 1816 3636 hoc
1840 3584 1922 3638 ,ad
1953 3582 2322 3633 doctrinam:
2387 3598 2464 3632 ne
2508 3582 2648 3649 quis

356 3649 480 3701 eius
525 3649 838 3703 veritatem
876 3652 1151 3703 aestimet
1191 3670 1263 3704 ex
1305 3650 1612 3704 hominum
1656 3642 2085 3713 inconstantia.
2154 3667 2356 3701 verum
2390 3668 2473 3701 ex
2507 3667 2647 3711 con·

295 3750 300 3763 ·
353 3726 522 3785 textu
549 3719 724 3770 facile
753 3718 1063 3788 colligitur
1091 3721 1339 3773 Paulum
1368 3721 1439 3772 de
1470 3721 1735 3772 Ecclesia
1762 3720 1876 3772 Dei
1913 3714 2113 3789 loqui,
2160 3728 2263 3770 aut
2301 3717 2373 3770 de
2414 3718 2648 3771 electis.

354 3784 589 3839 Habetis
626 3791 890 3854 sigillum
937 3790 1064 3841 hoc.
1148 3790 1302 3859 Quia
1338 3806 1559 3841 nomen
1587 3790 1885 3858 signaculi
1924 3788 2208 3857 quosdam
2242 3786 2500 3852 fefellit,
2537 3786 2646 3855 qui

353 3863 561 3916 notam
602 3856 693 3906 vel
732 3857 962 3927 insigne
1001 3858 1091 3910 ita
1130 3858 1325 3911 vocari
1373 3867 1697 3927 putarunt,
1750 3875 1860 3925 ego
1891 3856 2163 3925 Sigillum
2191 3854 2453 3921 reddidi,
2488 3854 2646 3924 quod

357 3924 554 3981 minus
596 3922 773 3976 habet
812 3926 1235 3997 ambiguitatis,
1309 3928 1386 3983 Et
1414 3944 1552 3978 sane
1583 3926 1878 3993 intelligit
1910 3925 2123 3976 Paulus
2151 3925 2256 3976 sub
2285 3941 2498 3976 arcana
2521 3922 2645 3975 Dei

360 3992 664 4058 custodia,
712 4002 993 4063 tanquam
1020 3990 1352 4065 signatorio
1378 3996 1596 4047 annulo
1616 4033 1632 4059 ,
1682 3995 1980 4046 contineri
2010 3994 2260 4045 salutem
2288 3993 2640 4058 electorum,

354 4061 852 4132 quemadmodum
884 4064 1193 4130 Scriptura
1237 4065 1413 4128 (Psal.
1441 4065 1532 4130 69,
1560 4062 1676 4117 29.
1705 4063 1965 4131 Philipp.
1993 4063 2046 4128 4,
2075 4060 2155 4126 3.)
2201 4070 2458 4114 testatur
2496 4061 2643 4112 scri·

312 4166 325 4173 -
354 4138 494 4201 ptos
534 4147 657 4182 esse
693 4131 752 4185 in
790 4131 947 4186 libro
984 4131 1164 4186 vitae.
1234 4133 1552 4185 Caeterum
1578 4142 1700 4185 tam
1725 4149 1938 4183 nomen
1968 4131 2166 4199 sigilli*
2198 4147 2377 4199 quam
2404 4141 2641 4181 senten-

354 4199 476 4265 tia,
529 4215 679 4268 quae
719 4202 1022 4270 sequitur,
1071 4201 1354 4252 admonet
1387 4220 1509 4253 non
1550 4218 1679 4251 esse
1718 4218 1788 4252 ex
1825 4217 1997 4252 sensu
2016 4208 2232 4251 nostro
2256 4197 2640 4265 iudicandum

354 4269 428 4321 de
461 4267 795 4320 electorum
824 4271 916 4321 vel
941 4269 1332 4324 multitudine
1365 4271 1462 4322 vel
1497 4270 1813 4338 paucitate.
1896 4268 2070 4339 Quod
2104 4267 2266 4319 enim
2310 4267 2644 4334 obsignavit

351 4334 551 4401 Deus,
598 4336 771 4389 nobis
811 4340 936 4391 vult
977 4339 1412 4408 quodammodo
1460 4356 1588 4391 esse
1617 4340 1917 4397 ,clausurn-
1985 4334 2195 4390 deinde
2237 4334 2289 4388 si
2328 4333 2642 4406 proprium

330 4404 472 4481 ‘Dei
494 4414 588 4483 ¹est.v
602 4442 623 4483 ⁸,
644 4424 849 4485 nosse,
864 4409 1117 4483 :quinam
1143 4409 1267 4460 sint
1294 4411 1412 4477 sui,
1441 4407 1811 4465 nonxmirum
1835 4414 1948 4475 est,
1968 4405 2158 4465 sinos
2179 4422 2361 4475 caepe
2383 4416 2640 4473 ,maguus
