2820 4895
654 173 1535 344 Ab'TlmoTilEUwi
1581 231 1660 295 11.
1730 231 1890 298 cst.
1929 232 2008 296 11.
2083 277 2101 340 4
2186 267 2191 276 ι
2352 235 2512 335 εμ.
2599 200 2607 223 “

352 407 413 468 8.
464 402 811 468 Memento
850 401 1074 466 Iesum
1114 399 1464 468 Christum
1508 404 1871 468 excitatum
1914 425 1951 469 a
1990 403 2320 479 mortuis,
2377 421 2465 471 ex

184 493 444 556 semine
483 488 695 555 David
737 487 1111 552 secundum
1140 484 1577 571 Evangelium
1615 507 1910 572 meum„
1957 491 2017 553 9.
2063 488 2141 550 In
2183 491 2319 571 quo
2358 483 2460 549 la-

170 578 355 639 boro
397 593 611 657 usque
655 572 740 635 ad
779 570 1084 648 vincula,
1142 584 1459 655 tanquam
1502 567 1871 636 maleficus:
1932 569 2306 637 sed-sermo
2333 568 2461 649 Dei

181 680 317 723 non
346 670 487 723 est
537 662 821 725 vinctus.
938 660 1034 726 10.
1111 654 1566 741 Quamobrem
1626 659 1850 718 omnia
1900 655 2123 721 tolero
2177 665 2461 742 propter

181 742 474 819 electos,
506 756 609 806 'ut
647 746 784 828 ipsi
823 761 1089 823 quoque
1121 739 1403 816 salutem
1440 741 1972 822 consequantur,
2027 760 2197 824 quae
2239 751 2342 805 est
2384 743 2457 805 in

181 826 465 894 Christo
506 828 725 905 lesu,
767 848 921 889 cum
961 823 1184 911 gloria,
1214 836 1526 900 aeterna
1612 830 1722 887 11„
1765 822 2017 891 Fidelis
2063 845 2330 900 sermo:
2395 828 2459 889 si

179 916 359 975 enim
408 914 812 976 commortui
862 929 1135 986 sumus,
1212 912 1414 972 etiam
1470 906 1872 991 simul-cum
1927 914 2081 997 ipso
2127 913 2474 983 vivemus:-

183 1001 280 1060 12.
332 994 408 1059 Si
441 995 870 1071 sufferImuS,
892 997 1120 1058 ‘etiam
1145 991 1343 1056 simul
1371 1014 1446 1056 re
1496 994 1833 1056 nabimus:
1877 998 1933 1058 si
1961 1002 2313 1080 negamus,
2341 990 2457 1057 ille

179 1090 452 1165 quoque
478 1082 748 1166 negabit
772 1098 931 1143 nos:
1019 1083 1113 1142 13.
1151 1078 1223 1140 Si
1251 1013 1587 1142 increduli
1613 1097 1875 1165 sumus,
1917 1076 2036 1144 ille
2063 1076 2276 1148 fidelis
2301 1097 2454 1154 ma-

110 1195 147 1230 ·,
177 1178 328 1229 net:
371 1184 621 1251 negare
651 1185 725 1230 se
759 1168 984 1251 ipsum
1015 1182 1150 1226 non
1181 1173 1427 1252 potest.
1640 1184 1644 1188 ’

314 1301 367 1353 8.-
440 1297 729 1353 Memento
760 1303 968 1353 Iesum.
1042 1298 1307 1368 Aliquam
1336 1298 1459 1350 eius
1499 1297 1798 1354 doctrinae
1839 1306 2101 1368 partem,
2150 1315 2320 1369 quam
2362 1315 2456 1350 vo·
2549 1337 2553 1341 .

179 1331 338 1421 lehat
366 1371 592 1421 salvam
625 1381 679 1423 et
706 1372 990 1439 integram
1018 1368 1090 1421 ad
1124 1377 1381 1437 posteros
1409 1369 1740 1437 pervenire,
1769 1370 2133 1421 ‘nominatim
2157 1368 2453 1440 exprimit.

178 1440 514 1492 Verisimile
541 1449 736 1493 autem
769 1450 886 1506 est,
929 1456 1059 1491 eam
1083 1439 1447 1507 potissimum
1475 1439 1716 1506 attingi,
1764 1439 1833 1491 de
1863 1457 1976 1510 qua
2005 1440 2256 1492 maxime
2281 1441 2453 1491 time·

175 1508 297 1563 bat.
370 1511 529 1579 quod
560 1511 735 1563 etiam
769 1528 834 1564 ex
873 1509 1240 1579 sequentibus
1274 1509 1529 1575 patebit,
1583 1525 1759 1577 quum
1801 1509 1886 1560 de*
1909 1526 2114 1561 errore*
2134 1510 2456 1578 Hymenaei

177 1589 238 1631 et
262 1579 478 1632 Phileti
509 1581 794 1648 loquetur.
864 1580 1169 1648 Negabant
1213 1578 1370 1631 enim
1410 1580 1924 1643 resurrectionem,
1976 1582 2134 1633 cuius
2178 1580 2456 1632 habemus

179 1657 403 1702 certum
446 1651 509 1703 in
545 1650 658 1703 hac
701 1648 1065 1704 confessione
1101 1649 1336 1719 pignus,
1400 1649 1538 1701 dum
1580 1648 1801 1701 factam
1841 1666 1963 1701 esse
2004 1651 2453 1707 mentiebantur.

179 1705 494 1772 Caeterum
522 1738 694 1790 quam
725 1721 1046 1773 necessaria
1069 1720 1249 1771 fuerit
1277 1718 1421 1771 haec
1446 1718 1610 1771 Pauli
1637 1719 1992 1786 admonitio,
2028 1729 2249 1773 veteres
2276 1720 2455 1786 histo·
2529 1769 2540 1780 ,

175 1792 300 1842 riae
328 1791 663 1845 ostendunt.
733 1797 1101 1864 quascunque
1134 1789 1291 1841 enim
1314 1781 1611 1841 machinas
1676 1790 1823 1842 otuit
1850 1790 2059 1857 Satan,
2098 1791 2354 1843 admovit
2379 1790 2455 1842 ad

180 1860 590 1913 destruendam
617 1859 992 1913 hancfidem.
1060 1860 1212 1913 Nam
1249 1875 1431 1929 quum
1468 1860 1585 1911 sint
1663 1876 1737 1911 uo
1780 1859 1900 1912 eius
1939 1860 2235 1929 membra,
2271 1860 2452 1914 &Chri-

177 1939 326 1983 stum
359 1949 431 1983 ex
456 1933 681 1989 semine
706 1929 900 1983 David
926 1945 1048 1981 esse
1076 1929 1369 1998 genitum5
1408 1938 1478 1981 et‘
1493 1946 1563 1980 ex
1588 1938 1779 1981 morte
1803 1932 2211 1994 resurrexisset
2253 1930 2453 1984 statim

179 2017 215 2053 a
240 2011 511 2074 tempore
536 2002 936 2070 Apostolorum
964 2008 1194 2050 exortus
1222 2008 1308 2049 est
1333 2000 1637 2068 Marcion,
1679 1999 1779 2069 qui
1809 2000 2097 2053 humanae
2126 2002 2189 2072 in
2222 2001 2450 2053 Christo

179 2080 425 2125 naturae
465 2073 778 2125 veritatem
814 2069 1047 2121 abolere
1083 2077 1323 2121 conatus
1368 2071 1486 2120 est(
1551 2070 1787 2139 sequuti
1836 2079 1971 2121 sunt
2006 2070 2215 2134 deinde
2255 2071 2453 2123 Mani-

181 2141 363 2196 chaei.
410 2145 515 2195 Et
552 2142 699 2198 haec
729 2141 904 2209 pestis
934 2137 1106 2191 hodie
1139 2154 1368 2209 quoque
1394 2148 1708 2209 grassatur.
1785 2140 1954 2210 Quod
1978 2141 2050 2194 ad
2075 2139 2454 2193 resurrectioss

178 2228 311 2263 nem
340 2222 599 2280 spectat,
634 2222 808 2282 quam
837 2209 1008 2264 multi
1036 2220 1093 2261 et
1119 2209 1493 2281 quamrvariis
1520 2210 1739 2261 artibus
1764 2211 1885 2263 eius
1910 2228 2073 2278 spem
2095 2210 2451 2263 labefactare

183 2283 380 2334 conati
410 2282 590 2335 sunt?
659 2279 1024 2333 Tantundem
1054 2279 1234 2349 igitur
1267 2278 1420 2332 valet
1455 2279 1569 2330 ista
1593 2279 1758 2331 Pauli
1796 2281 2122 2344 attestatiO,
2169 2297 2243 2344 ac
2278 2281 2326 2331 si
2370 2281 2452 2332 di·
2504 2307 2518 2316 ν

180 2351 386 2426 Jtisset:
437 2355 528 2405 Ne
558 2349 685 2424 quis
708 2350 1081 2421 Evangelium
1121 2366 1315 2416 meum
1354 2349 1658 2402 calumniis
1688 2349 1960 2416 depravet
2000 2358 2100 2401 aut
2132 2349 2451 2404 adulteret:

178 2421 266 2474 ita
289 2423 494 2492 docui,
535 2422 621 2474 ita
648 2419 1010 2491 praedicavi,
1049 2419 1372 2488 Christum,
1404 2418 1504 2490 qui
1535 2436 1605 2471 ex
1630 2420 1849 2475 semine
1872 2420 2058 2482 David
2087 2427 2255 2489 natus
2280 2420 2456 2475 homo
2489 2445 2492 2449 ·

185 2503 338 2560 erat,
380 2497 765 2551 resurrexisse
795 2510 829 2543 a
856 2491 1120 2546 mortuis.
1167 2491 1579 2558 “Evangelium
1605 2501 1774 2544 vocat
1808 2511 2004 2559 suum,
2041 2494 2247 2545 non‘u't
2272 2509 2331 2544 se
2355 2507 2458 2543 au-

122 2606 135 2621 ,
188 2572 411 2615 ctorem
435 2562 814 2635 profiteatur,
844 2561 943 2614 sed
965 2562 1318 2615 ministrum.
1386 2562 1696 2627 Caeterum
1722 2562 1783 2614 in
1799 2562 2011 2615 Christi
2031 2561 2454 2614 resurrectione
2509 2596 2520 2601 κ

106 2687 115 2693 ,
187 2643 407 2686 certum
450 2634 734 2688 habemus
757 2636 1011 2685 ‘nostrae
1050 2625 1309 2684 om‘nium
1347 2632 1573 2702 pignus.
1641 2633 1890 2685 Proinde
1915 2632 2017 2701 qui
2043 2632 2258 2688 fatetur
2285 2631 2454 2685 Chri-

186 2712 334 2755 stum
372 2705 786 2771 resurrexisse,
836 2703 991 2758 idem
1030 2702 1208 2756 etiam
1248 2704 1322 2755 dev
1353 2701 1520 2755 nobis
1556 2703 1817 2755 futurum
1843 2699 2133 2756 affirmati
2173 2704 2311 2772 quia
2335 2716 2455 2752 non
2537 2703 2544 2708 ‘

162 2772 293 2825 sibi
334 2777 647 2841 resurrexit
677 2775 968 2841 Christus,
1017 2774 1115 2826 sed
1156 2773 1340 2824 nobis.
1409 2773 1540 2826 Non
1576 2772 1731 2824 enim
1755 2789 1790 2824 a
1818 2773 2092 2823 membris
2130 2775 2246 2825 suis
2286 2771 2456 2823 avelli

191 2853 363 2910 caput
406 2846 599 2898 debet.
678 2844 993 2898 Praeterea
1030 2846 1092 2895 in
1131 2841 1350 2895 Christi
1391 2837 1817 2895 resurrectione
1855 2843 2187 2910 continetur
2228 2843 2486 2894 rederix-'-

186 2913 398 2981 ptionis
427 2926 487 2968 et
516 2913 716 2967 salutis
741 2924 976 2967 nostrae
1003 2914 1511 2982 complementum.
1582 2930 1721 2965 nam
1745 2929 1901 2966 mors
1931 2977 1935 2981 ⁴
1967 2929 2158 2982 uoque
2183 2913 2457 2982 adiungi-

187 2992 297 3036 tur.
372 2984 634 3045 Christus
666 3002 832 3054 erge,
871 2985 971 3054 qui
994 2993 1251 3037 mortuus
1279 2991 1396 3050 est,
1436 2984 1778 3045 resurrexit:
1817 2930 1965 3034 cur}
2007 2992 2063 3034 et
2087 2983 2350 3052 inaequem
2379 2982 2457 3034 fl·-

189 3056 364 3114 nem?
412 3056 510 3107 hic
545 3054 618 3108 ad
642 3068 749 3107 nos
785 3053 1130 3107 veniendum
1157 3055 1284 3119 est,
1330 3062 1502 3120 atque
1528 3052 1627 3105 hic
1658 3053 1837 3106 etiam
1864 3052 2112 3121 emergit
2135 3053 2216 3111 vis
2249 3062 2308 3104 et
2335 3053 2458 3107 fru-

196 3135 318 3176 ctus
365 3128 700 3194 utriusque,
751 3142 958 3194 nempe
991 3134 1121 3176 tam
1157 3122 1596 3176 resurrectionis
1634 3122 1810 3194 duam
1852 3122 2074 3177 mortis.
2156 3125 2309 3174 Nam
2347 3122 2465 3174 hoc

168 3195 537 3265 ,principium
577 3211 804 3263 semper
835 3194 1148 3247 tenendum
1191 3201 1308 3260 est,
1359 3192 1718 3262 scripturam
1755 3193 2101 3257 nonzsolere
2130 3193 2201 3246 de
2225 3193 2343 3245 illis
2365 3193 2460 3245 hi·
2501 3224 2504 3229 -

191 3265 403 3318 storice
426 3275 656 3322 tantum
681 3273 751 3316 ac
775 3265 984 3334 frigide
1011 3263 1203 3333 loqui,
1257 3260 1358 3315 sed
1387 3262 1648 3315 fructum
1686 3263 2106 3317 subaudiendo,
2243 3266 2335 3318 Ex
2364 3282 2459 3316 se-

135 3356 149 3370 ·
193 3335 342 3386 mine
375 3338 585 3388 David.
655 3337 782 3388 Hac
813 3335 1102 3403 particula
1129 3349 1247 3385 non
1274 3332 1447 3384 modo
1473 3334 1749 3387 asseritur
1772 3333 2063 3387 humanae
2090 3341 2334 3384 naturae
2362 3349 2459 3384 ve-

193 3403 336 3454 ritas
373 3407 435 3458 in
466 3404 728 3459 Christo:
775 3406 875 3457 sed
916 3407 1093 3456 etiam
1133 3404 1224 3455 illi
1257 3401 1582 3456 vindicatur
1616 3403 1803 3456 honos
1842 3413 1901 3456 et
1939 3420 2149 3456 nomen
2186 3404 2455 3455 Messiae.

192 3471 416 3540 Negant
459 3475 741 3527 haeretici
780 3475 1072 3528 Christum
1113 3474 1306 3537 fuisse*
1330 3489 1533 3524 verum
1573 3473 1900 3539 hominem,
1953 3473 2052 3526 alii
2094 3473 2392 3541 delapsum
2425 3482 2463 3523 ‘e

198 3543 357 3596 coelo
386 3546 646 3613 fingunt,
691 3544 790 3597 alii
813 3544 1044 3598 tant'um
1070 3543 1400 3613 apparuisse
1427 3543 1488 3592 in
1515 3543 1640 3611 ipso
1667 3545 1920 3596 hominis
1942 3544 2220 3614 speciem:
2255 3542 2468 3596 Paulus

196 3627 258 3662 ex
285 3616 526 3667 adverso
544 3617 790 3681 clamat,
848 3633 916 3666 ex
943 3615 1161 3667 semine
1190 3612 1378 3683 David
1407 3612 1606 3666 fuisse.
1678 3631 1791 3685 quo
1826 3614 1979 3667 haud
2010 3613 2179 3666 dubie
2211 3629 2475 3679 pronun«

197 3680 305 3733 tiat
340 3702 542 3755 verum
576 3685 750 3745 fuisse
786 3684 1107 3750 hominem,
1167 3701 1234 3734 ex
1263 3682 1505 3734 homine
1542 3686 1948 3758 progenitum,
1995 3699 2203 3751 nempe
2233 3700 2303 3734 ex
2331 3685 2462 3735 Ma-

197 3750 304 3804 ria.
386 3757 512 3806 Hoc
559 3764 683 3806 tam
725 3754 1006 3807 disertum
1043 3752 1471 3818 testimonium,
1532 3770 1647 3821 quo
1681 3755 1869 3823 ‚magis
1908 3754 2140 3806 eludere
2179 3762 2466 3804 conantur

198 3818 519 3892 haeretici,
566 3824 995 3894 impudentiam
1030 3839 1192 3875 suam
1233 3823 1413 3890 magis
1454 3821 1725 3890 produnt.
1795 3824 1995 3876 ludaei
2035 3834 2093 3879 et
2117 3822 2218 3874 alii
2248 3822 2468 3879 Christi

199 3887 390 3943 hostes
419 3912 551 3947 eum
581 3911 703 3946 esse
732 3905 984 3964 negant,
1022 3895 1119 3962 qui
1150 3892 1301 3947 olim⁴
1320 3893 1629 3960 promissus
1658 3894 1884 3948 fuerat:
1918 3893 2129 3945 Paulus
2157 3893 2466 3945 autemus·
2537 3893 2543 3898 ’

154 3960 159 3963 ⁴
200 3958 393 4014 firmat
417 3964 657 4018 Davidis
695 3981 816 4016 esse
851 3966 1038 4017 filium
1058 4001 1075 4030 ,
1096 3972 1181 4017 aet
1210 3981 1279 4015 ex
1294 3970 1376 4014 'ea
1403 3961 1631 4019 familia
1655 3964 1868 4016 ducere
1896 3964 2209 4035 originem,
2256 3979 2325 4014 ex
2341 3961 2472 4032 qua„

202 4029 476 4086 Messiam
506 4034 850 4087 descendere
881 4032 1181 4104 oportuit.'
1276 4032 1281 4036 ’
1370 4078 1373 4083 ,
1965 4052 1970 4057 ·
2177 4086 2182 4087 ⁷
2471 4040 2474 4055 ·’
2538 4034 2554 4109 J

244 4134 261 4148 -
336 4103 386 4155 9.
458 4107 528 4158 In
566 4124 675 4171 quo
720 4107 934 4159 laboro.
1004 4105 1111 4155 Est
1135 4102 1511 4171 anticipatio,
1557 4102 1785 4153 vincula
1810 4100 1975 4155 enim
1995 4102 2147 4171 apud
2170 4101 2473 4169 imperitos

205 4165 376 4221 fidem
402 4172 784 4227 detrahebant
807 4173 975 4225 illiue
992 4174 1325 4241 Evangelio.
1391 4174 1628 4224 Fatetur
1658 4189 1792 4241 ergo
1823 4189 1915 4238 se,
1967 4173 2122 4245 quod
2162 4171 2235 4222 ad
2274 4170 2472 4222 exter-i

206 4252 342 4295 nam
381 4243 632 4311 speciem
650 4282 668 4310 ,
715 4245 901 4295 instar
928 4243 1196 4296 scelerati
1224 4241 1477 4294 hominis
1506 4244 1760 4294 vinctum
1786 4259 1945 4294 esse:
1971 4242 2087 4293 :sed
2122 4241 2282 4291 addit
2300 4277 2317 4306 ,
2366 4252 2478 4296 sua²

207 4307 439 4379 vincula
477 4332 597 4366 non
644 4314 914 4381 obstare,
977 4311 1280 4382 quominus
1321 4311 1509 4364 libero
1560 4329 1732 4366 cursu
1773 4310 2047 4383 procedat
2086 4309 2478 4377 Evangeliumss

213 4376 395 4434 Immo
424 4383 626 4439 electis
657 4385 911 4438 salutare
936 4401 1092 4453 esse,
1131 4383 1285 4453 quod
1312 4380 1558 4453 patitur,
1599 4382 1740 4456 quia
1768 4383 1843 4435 ad
1866 4396 2067 4434 eorum
2095 4380 2488 4435 confirmatius
