2820 4895
704 245 863 325 an·
904 248 1450 325 amasios
1515 245 1678 321 cir.
1716 248 1803 322 11.
1841 280 1848 287 -
2185 284 2192 303 ‚
2321 224 2404 323 ιι

143 424 336 481 vitame
381 439 452 477 ac
489 424 737 494 proinde
777 435 940 479 extra
979 420 1285 478 Christum
1322 439 1434 476 nos
1472 436 1601 478 esse
1635 422 1874 498 penitus
1910 432 2213 482 mortuost
2257 408 2432 499 (χιιίιιχ

142 506 331 568 regnat
352 494 410 547 in
441 497 608 548 nobis
640 505 946 562 peccatum
970 533 985 561 ,
1024 495 1230 547 mortis
1257 491 1528 545 materia.
1647 508 1652 511 ²
1923 500 1956 527 *-

257 565 307 616 2.
370 563 453 616 ’In
504 567 700 632 quibus
746 564 1051 632 aliquando
1096 562 1463 615 ambulastis.
1561 559 1652 614 'Ab
1694 559 1924 615 effectis
1963 560 2060 614 vel
2097 556 2411 619 fructibus

143 632 371 697 evincit,
416 643 730 699 peccatum
766 632 828 683 in
871 632 1022 702 ipsis
1061 630 1211 683 olim
1252 646 1556 701 regnasse.
1604 647 1803 701 neque
1827 631 1981 683 enim
2010 629 2128 683 vim
2158 634 2397 701 peccati

142 702 263 754 satis
283 701 629 775 intelligunt
656 701 952 766 homines,
978 702 1088 753 nisi
1109 717 1293 769 quum
1324 697 1575 768 emergit
1599 697 1662 751 iu
1687 710 1927 752 externa
1951 716 2152 769 opera.
2198 701 2398 772 Quum

145 771 308 822 addit:
344 775 650 823 secundum
674 772 961 822 saeculum
989 771 1193 837 mundi
1212 770 1412 834 liuius,
1452 777 1712 835 mortem
1739 769 1906 822 illam
1929 806 1945 836 ,
1984 768 2152 823 cuius
2180 771 2397 824 memi-

140 840 236 904 nit,
268 842 520 911 grassari
550 840 610 890 in
638 837 956 892 hominum·
980 850 1191 890 natura
1221 836 1557 906 significat,
1597 846 1665 889 ut
1689 838 1913 890 malum
1942 837 2023 889 sit
2044 836 2393 893 universale.

142 924 296 976 neque
320 906 486 961 enim·
509 925 745 962 cursum
774 907 979 959 mundi
1002 906 1318 977 intelligit,
1350 905 1453 977 qui
1483 904 1663 959 aDeo
1695 915 1784 959 est
1810 907 2152 960 ordinatus:
2193 923 2395 979 nequa

148 977 430 1045 elementa,
475 986 544 1029 ut
571 987 710 1030 sunt
739 975 972 1029 coelum
1001 986 1061 1029 et
1084 988 1279 1041 terra,
1325 985 1386 1027 et
1414 968 1550 1028 aeri
1597 976 1697 1028 sed
1723 973 2077 1045 pravitatem
2097 1013 2114 1044 ,
2197 992 2274 1030 ua
2301 977 2396 1029 in-

149 1044 266 1098 iecti
285 1064 479 1100 sumus
504 1063 742 1111 omnes,
797 1055 865 1098 nt
891 1061 1015 1097 non
1041 1044 1119 1098 sit
1147 1043 1354 1096 vitium
1383 1043 1689 1113 aliquibus
1717 1036 2047 1113 peculiare,
2096 1060 2159 1096 se
2235 1046 2394 1115 quod

153 1122 299 1167 totum
339 1116 628 1168 mundum
672 1122 941 1184 occupat.
1091 1111 1416 1165 Secundum
1448 1112 1777 1179 principem.
1859 1113 2032 1165 Ultra
2062 1112 2394 1170 etiamnum

153 1186 523 1251 progreditur,
575 1200 818 1238 causam
852 1192 1095 1235 nostrae
1131 1181 1544 1249 corruptionis
1571 1182 1733 1234 hanc
1756 1180 2202 1248 demonstrans,
2237 1184 2422 1257 quod,

145 1252 506 1321 principatum
524 1253 600 1311 ,in
623 1270 733 1305 nos
760 1252 1034 1305 obtineat
1058 1250 1348 1304 diabolus.
1405 1266 1523 1320 quo
1550 1251 1708 1303 nihil
1740 1251 1969 1319 potuit,
2008 1251 2081 1303 ad
2109 1250 2396 1306 damnan-

142 1321 254 1374 dum
273 1322 589 1375 humanum
617 1338 822 1404 genus,
858 1321 1098 1389 gravius
1123 1319 1266 1373 dici.
1337 1319 1493 1389 Quid
1521 1319 1678 1375 enim
1707 1319 1884 1373 nobis
1911 1319 2062 1372 facit
2091 1321 2394 1393 reliquum

140 1388 226 1457 qui
269 1409 365 1459 nos,
415 1392 644 1444 diaboli
696 1389 993 1459 mancipia
1046 1405 1173 1440 esse
1222 1387 1611 1457 pronuntiat,
1673 1388 1917 1458 eiusque
1956 1386 2210 1457 arbitrio
2254 1391 2394 1445 suli-

138 1458 339 1526 iacere,
396 1458 681 1530 quamdiu
734 1460 900 1512 extra
943 1457 1169 1511 Christi
1223 1474 1482 1526 regnum
1534 1457 1833 1513 vivimus?
1917 1458 2142 1510 Merito
2182 1458 2394 1531 itaque

147 1528 503 1583 conditionem
545 1540 812 1582 nostram
847 1528 1097 1597 horrere
1135 1526 1453 1579 debemus:
1506 1537 1813 1597 utcunque
1856 1526 2066 1579 multis
2107 1529 2394 1598 arrideat,

141 1595 219 1646 vel
241 1599 430 1663 saltem
455 1599 651 1651 minus
675 1596 1016 1666 displiceat.
1099 1596 1212 1659 Ubi
1239 1612 1399 1649 nunc
1430 1595 1689 1649 liberum
1720 1596 2037 1648 arbitrium
2056 1632 2073 1663 ,
2121 1599 2395 1651 modera-

138 1679 250 1716 men
277 1668 518 1720 rationis
535 1708 559 1736 ,
605 1675 668 1719 et
695 1666 940 1719 moralis
969 1665 1156 1739 virtus
1175 1703 1192 1732 ,
1231 1666 1303 1718 de
1332 1663 1550 1734 quibus
1574 1676 1887 1733 tantopere
1915 1664 2189 1735 garriunt
2215 1666 2396 1735 Papi-

139 1735 279 1787 ctae?
322 1737 453 1806 quid
481 1745 835 1806 purum*aut
861 1745 1096 1789 rectum
1119 1735 1429 1786 invenient
1459 1733 1567 1786 snb
1595 1734 1907 1801 tyrannide
1939 1733 2205 1788 diaboli?
2278 1737 2395 1788 Ve-

137 1819 244 1855 rum
278 1807 600 1874 prudenter
644 1804 760 1857 sibi
800 1811 1051 1870 cavent,
1098 1805 1237 1856 dum
1276 1803 1434 1856 hanc
1460 1803 1629 1855 Pauli
1671 1804 2006 1856 doctrinam
2039 1802 2393 1857 abominan-
2425 1840 2436 1848 -

136 1879 217 1922 tur
239 1891 343 1926 non
375 1892 548 1928 secus
576 1891 648 1927 ac
671 1887 956 1926 summam
988 1872 1305 1925 haeresim*
1349 1873 1480 1942 Ego
1525 1880 1728 1926 autem
1762 1873 1925 1940 dico,
1971 1870 2036 1924 in
2067 1872 2162 1925 his
2187 1873 2392 1928 verbis

136 1940 260 1994 nihil
301 1961 419 1997 esse
463 1946 826 1997 obscurumt
885 1942 1194 1999 universos
1233 1942 1550 2005 mortales,
1602 1943 1703 2010 qui
1734 1941 2059 2013 secundum
2083 1943 2395 2012 mundum,

136 2008 230 2063 boc
259 2024 372 2079 est,
424 2014 620 2067 carnis
656 2030 797 2065 suae
830 2010 1110 2080 ingenio,
1158 2010 1396 2078 vivunt,
1451 2010 1560 2062 sub
1590 2012 1838 2065 Satanae
1877 2027 2059 2079 regno
2099 2006 2390 2067 militare.

137 2077 288 2132 Porro
310 2083 603 2155 singulari
622 2097 876 2134 ‘numero
901 2079 1208 2151 diabolum
1235 2089 1546 2148 nuncupat
1564 2117 1581 2147 ,
1636 2078 1862 2131 *usitato
1888 2079 2235 2148 scripturae
2259 2099 2392 2134 mo-

140 2160 221 2200 ret
260 2167 456 2221 nempe
501 2153 662 2204 sicut
697 2150 836 2203 filiis
865 2149 980 2202 Dei
1008 2163 1197 2201 unum
1226 2158 1315 2200 est
1343 2157 1560 2217 caput,
1598 2149 1685 2201 ita
1712 2158 1772 2201 et
1796 2147 2031 2219 impiis,
2067 2148 2206 2217 quia
2234 2151 2396 2209 utri-⁸

139 2230 230 2284 qne
260 2236 416 2274 snum
455 2237 676 2290 corpus
707 2218 1002 2273 efficiunt.
1076 2218 1236 2286 Ergo
1263 2218 1562 2270 malorum
1591 2217 1857 2269 omnium
1884 2217 2258 2285 principatus
2283 2216 2394 2273 uni.

136 2287 439 2343 attribuitur
458 2326 478 2357 ,
513 2300 584 2342 ut
607 2290 714 2341 fiat
740 2303 856 2341 nna
883 2287 1210 2357 impietatis
1236 2302 1452 2340 massa.
1537 2287 1711 2357 Quod
1747 2285 1989 2338 diabolo
2033 2296 2392 2355 potestatem

136 2351 187 2406 in
208 2372 329 2408 aere
353 2361 650 2430 assignat,
699 2358 769 2409 de
800 2374 870 2409 eo
897 2364 1108 2428 pastea
1137 2350 1470 2408 videbimus
1497 2357 1696 2423 capite
1722 2350 1911 2408 se'xto.
1993 2355 2124 2419 Hoc
2153 2365 2393 2411 tantum

137 2420 188 2476 in
212 2422 527 2497 praesentia
560 2426 913 2494 notabimus,
951 2423 1276 2480 ridiculum
1302 2424 1493 2478 fuisse
1520 2425 1818 2492 delirium,
1857 2423 2018 2496 quod
2043 2414 2392 2481 Manichaei

139 2505 193 2544 tx
215 2494 314 2550 hoc
339 2499 473 2550 loco
504 2499 625 2550 duo
656 2497 952 2566 principia
982 2496 1296 2547 adstruere
1326 2494 1525 2547 conati
1552 2496 1703 2561 sint,
1744 2512 1812 2546 ac
1840 2498 1890 2545 si
1924 2493 2262 2563 quicquam,
2297 2495 2391 2547 in·

139 2563 231 2622 vito.
254 2567 407 2634 Deo,
458 2569 642 2620 Satan
687 2574 911 2636 posset.
994 2566 1201 2632 Neque
1238 2563 1395 2615 enim
1432 2577 1728 2616 summurn
1760 2564 2079 2631 imperium
2110 2564 2394 2628 concedit

136 2629 206 2682 illi
228 2634 451 2703 Paulus,
494 2635 655 2706 quod
683 2634 859 2687 unius
887 2632 1000 2686 Dei
1032 2632 1290 2685 arbitrio
1312 2648 1434 2684 non
1459 2633 1680 2698 subsit,
1714 2634 1814 2683 sed
1840 2631 2215 2699 tyrannidem
2244 2633 2393 2686 dun-

88 2769 89 2772 ,
137 2705 285 2768 taxat,
315 2721 492 2775 quam
523 2693 931 2756 exerceat‘Dei
957 2702 1267 2770 permissu.
1310 2702 1452 2770 quid
1477 2701 1753 2774 enimnest
1784 2700 1947 2752 aliud
1976 2702 2175 2767 Satan,
2208 2718 2392 2782 quam

137 2767 223 2821 Dei
256 2773 559 2840 carnifex,
616 2782 683 2824 ut
726 2773 800 2823 de
837 2770 1145 2826 hominum
1181 2770 1634 2840 ingratitudine
1660 2786 1883 2838 poenas
1922 2769 2159 2822 sumat?
2208 2771 2269 2823 id
2316 2788 2392 2825 ue
2423 2791 2452 2835 α

141 2851 305 2893 sonant
333 2843 503 2894 Pauli
544 2841 760 2901 rerba:
811 2840 948 2921 quia
973 2839 1153 2904 dicit,
1200 2856 1337 2891 eum
1366 2855 1491 2891 esse
1519 2838 1823 2891 efficacem
1851 2838 1913 2890 in
1939 2839 2081 2890 solis
2112 2839 2275 2896 incre
2323 2858 2391 2893 u-

142 2903 206 2960 lis.
241 2926 373 2964 nam
401 2913 492 2963 ita
520 2909 732 2963 eximit
758 2909 922 2961 filios
950 2907 1064 2961 Dei
1095 2909 1166 2959 ab
1202 2908 1324 2964 ,eius
1354 2916 1673 2975 potestate.
1764 2908 1982 2977 Quodsi
2015 2908 2102 2960 ita
2138 2914 2260 2976 est,
2295 2917 2390 2961 sei

140 2975 304 3042 quitur
338 2997 479 3051 ergo
500 3018 519 3043 ,
576 2979 853 3033 Satanam
879 2977 1026 3028 nihil
1048 2993 1257 3046 agere,
1308 2978 1427 3027 nisi
1462 2975 1768 3042 superiore
1795 2985 1977 3029 nutu:
2032 2993 2155 3029 non
2188 2978 2414 3046 ipsum,

147 3057 230 3097 me
252 3044 657 3121 αὐτοκράτορα.
706 3063 1041 3116 quanquam
1069 3045 1246 3100 simul
1274 3044 1417 3096 inde
1447 3043 1822 3114 colligimus,
1873 3045 2030 3098 nihil
2057 3047 2392 3099 excusatio-

150 3111 207 3163 nis
228 3116 440 3171 habere
474 3115 726 3187 impios,
776 3132 846 3169 eo
887 3115 1048 3185 quod
1081 3115 1332 3169 Satanae
1371 3112 1649 3181 impulsu.
1670 3114 1900 3165 scelera
1939 3114 2144 3167 omnia
2171 3131 2392 3185 perpe-

149 3185 280 3239 trent.
365 3188 425 3238 ui
468 3187 545 3238 fit
583 3185 770 3249 enim,
823 3192 886 3236 ut
928 3183 1055 3236 eius
1093 3181 1400 3250 tyrannidi
1440 3183 1562 3235 sint
1597 3181 1873 3251 obnoxii,
1919 3182 2039 3234 nisi
2075 3185 2232 3253 quod
2256 3186 2390 3239 Deo

142 3262 335 3306 matre
380 3254 581 3308 elles?
665 3252 897 3334 Quodsi
934 3268 1057 3303 non
1098 3250 1196 3303 alii
1232 3251 1481 3304 Satanae
1520 3249 1824 3318 serviunt,
1875 3251 1993 3303 nisi
2040 3252 2142 3323 qui
2181 3272 2215 3306 a
2256 3253 2391 3307 Deo'

141 3331 243 3372 suut
266 3323 655 3393 emancipati,
686 3338 811 3375 amo
842 3321 949 3391 qui
976 3321 1138 3373 illius
1169 3320 1520 3388 obsequium
1548 3322 1747 3373 subire
1774 3331 2090 3376 renuunte-
2119 3317 2231 3373 sibi
2262 3323 2390 3375 cul-

141 3400 244 3451 pam
275 3392 611 3461 imputent,
660 3390 823 3466 quod.
860 3401 983 3443 tam
1024 3389 1420 3458 perniciosum
1458 3390 1682 3442 habent
1716 3389 2033 3444 dominum.
2101 3388 2396 3447 Filios-tna

141 3456 443 3518 obedientiae
473 3478 591 3531 pro
614 3458 1071 3514 contumacibus
1103 3458 1333 3525 posuit,
1382 3459 1896 3518 metenebraico.
1986 3460 2066 3511 Et
2099 3471 2262 3512 certe
2295 3460 2390 3512 in<-

139 3520 342 3582 fidelitas
369 3547 611 3599 semper
636 3530 923 3582 comitem
951 3528 1133 3580 habet
1157 3526 1649 3583 inobedientiam:
1686 3528 1953 3598 adeoque
1977 3528 2111 3597 ipsa
2137 3537 2230 3582 est.
2254 3527 2393 3583 fons

141 3599 188 3642 et
208 3610 377 3650 mater
411 3598 613 3651 omnis
642 3597 1030 3665 pervicaciae.
2085 3603 2088 3604 ’

242 3664 288 3719 3.
340 3668 509 3721 Inter
532 3683 675 3735 quos
704 3684 811 3718 nos
837 3682 1072 3735 quoquo.
1132 3664 1225 3718 Ne
1249 3665 1522 3719 videatur
1555 3663 1995 3717 contumeliose
2024 3664 2394 3733 exprobrare
2468 3703 2475 3709 -

140 3723 401 3803 Ephesiis,
438 3737 647 3807 quales
676 3735 940 3797 fuerint,
979 3744 1081 3786 aut
1106 3733 1342 3786 Iudaico
1370 3732 1695 3802 supercilio
1726 3735 1951 3792 Gentes
1982 3734 2275 3787 deiiceret
2323 3750 2391 3786 se

143 3810 332 3871 qnoque
364 3816 422 3859 et
444 3807 540 3859 sui
573 3804 811 3860 similes
833 3804 951 3856 illis
983 3802 1294 3873 aggregat.
1337 3815 1530 3873 neque
1557 3819 1665 3869 per
1691 3800 2039 3870 hypocrisin
2069 3802 2187 3855 hoc
2216 3802 2401 3871 dicit„

142 3867 225 3916 ⁸⁹⁸¹
255 3888 378 3927 vera
419 3873 938 3927 confessione'dat
973 3867 1419 3938 gloriam'Deo.
1516 3872 1874 3941 Quanquam
1919 3872 2142 3934 mirum
2194 3871 2394 3926 videri,

144 3946 315 4011 flunt,
345 3944 505 4013 quod
532 3944 757 3996 fatetur
784 3957 847 3993 se
875 3942 1206 3994 ambulasse
1228 3939 1291 3992 in
1324 3939 1821 4008 concupiscentiis
1848 3940 2069 4007 carnis,
2108 3942 2212 4012 qui
2234 3940 2392 4006 alibi

141 4013 322 4074 iactat,
354 4022 487 4064 tota
517 4012 636 4064 vita
667 4010 937 4063 adfuisse
962 4008 1557 4077 irreprehensibilem
1579 4008 1892 4077 (Philipp.
1921 4007 1976 4074 3,
2001 4009 2054 4061 6.
2099 4011 2148 4062 1.
2178 4009 2388 4062 Thess.

139 4068 311 4149 2310).
385 4080 746 4149 Respondeo
767 4115 784 4146 ,
830 4079 946 4132 hoe
973 4095 1097 4131 esse
1126 4077 1402 4131 omnibus
1433 4093 1781 4142 commune,
1832 4076 1936 4147 qui
1966 4077 2232 4142 nondum
2258 4075 2388 4146 spi·
2425 4079 2432 4082 ’

140 4148 242 4193 ritu
265 4146 480 4201 Christi
506 4157 643 4201 sunt
669 4147 1030 4217 regenerati.
1079 4163 1220 4199 nam
1250 4153 1550 4216 utcunque
1577 4145 1640 4198 in
1668 4145 1931 4217 speciem
1958 4144 2281 4199 laudabilis
2312 4145 2399 4210 sit¹

142 4218 474 4275 quorundam
508 4219 661 4281 vita,
790 4217 853 4267 »ia
881 4232 1003 4268 non
1034 4225 1355 4282 erumpunt
1377 4214 1442 4267 in
1472 4224 1857 4281 conspectum
1897 4214 2209 4269 hominum
2247 4229 2388 4265 con-

142 4280 541 4345 eupiscentiae:
594 4286 715 4340 nihi
782 4294 995 4336 tament
1023 4300 1241 4353 purum
1284 4292 1374 4337 est
1410 4301 1520 4336 nec
1559 4283 2012 4351 incorruptum,
2062 4294 2228 4336 extra
2255 4282 2390 4334 fon·

142 4353 236 4397 ¹0¹¹!
261 4354 443 4406 omnis
467 4354 762 4425 puritatis.
835 4354 1112 4407 Notanda
1140 4363 1451 4423 praeterea
1475 4352 1786 4417 definitio,
1819 4351 1962 4421 qnid
1992 4352 2069 4404 sit
2094 4354 2390 4404 ambulare

142 4424 409 4474 ”mudum
433 4426 629 4486 earnis
650 4423 1139 4492 oomeepezsoentias.
1190 4422 1393 4478 faeere
1419 4423 1654 4475 scilicet
1679 4437 1830 4491 quae
1861 4421 2023 4475 carui
2048 4420 2270 4491 libent,
2319 4436 2388 4475 ac

207 4483 280 4549 11.
1245 4582 1250 4588 μ
1562 4498 1604 4552 2
