2820 4895
281 1354 286 1361 ,
395 1337 458 1380 et
489 1327 803 1392 innocens,
853 1326 954 1379 sed
994 1324 1128 1377 fons
1170 1326 1359 1377 omnis
1398 1325 1729 1378 sanctitatis
1771 1336 1833 1378 et
1869 1327 2133 1379 iustitiae
2171 1325 2414 1379 coelesti
2458 1327 2691 1379 oraculo

273 1553 291 1563 ·
394 1536 940 1604 omnibus'Spiritus
967 1538 1153 1588 sancti
1183 1535 1349 1589 donis
1381 1535 1457 1589 ad
1486 1548 1770 1588 summam
1794 1537 2216 1605 perfectionem
2245 1546 2531 1602 ornatus3
2572 1554 2693 1590 sau-

308 2629 312 2634 .
390 2590 711 2659 impetrata
752 2597 1126 2656 peccatorum
1165 2588 1332 2639 venia
1365 2589 1494 2656 puri
1520 2604 2055 2643 censemurcoram
2084 2591 2243 2655 Deo,
2295 2589 2390 2640 vel
2419 2590 2569 2646 dum
2595 2605 2685 2642 cor
2772 2637 2773 2650 ,

401 245 538 315 415
1001 294 1009 299 .
1135 244 1284 313 m>
1332 243 1961 343 ammonae
1996 274 2037 295 «ε

404 412 537 487 pis,
554 413 829 540 'glirium
864 429 931 471 ae
970 413 1288 488 subnot-tv,
1330 429 1585 489 eumque
1617 415 1733 471 sibi
1774 415 1982 472 ducam
2023 432 2097 472 ac
2130 416 2467 489 praesidem
2506 417 2703 489 angat,-
2768 412 2774 423 '

400 502 534 542 uon
640 504 763 545 um·

470 602 478 611 .
543 556 632 611 22.
707 556 1060 611 Accedamus
1091 572 1220 621 cum
1246 554 1476 611 sincero
1509 555 1701 615 corde.
1765 553 1953 608 Sicuti
1980 555 2044 607 in
2075 554 2308 612 Christo
2336 557 2582 627 eiusque
2614 573 2694 609 sa·

401 625 633 695 crificio
657 623 802 679 nihil
830 625 946 678 nisi
968 624 1303 697 spirituale,
1343 633 1461 697 ‚aut
1486 622 1741 676 coeleste
1770 641 1895 678 esse
1934 626 2218 679 ostenditz
2265 629 2352 679 ita
2373 666 2391 696 ,
2440 644 2599 698 quae
2637 643 2694 679 er

398 704 573 766 parte
596 704 801 750 nostra
821 695 1155 764 afferimus,
1196 695 1322 751 vult
1342 704 1681 764 congruere.
1718 716 1721 721 ·
1753 694 1914 748 Olim
1939 695 2142 749 Iudaei
2171 698 2346 751 variis
2373 698 2695 766 adspersio-

401 768 576 825 nibus
610 782 676 821 se
707 765 1073 836 purgabant,
1125 772 1197 820 ut
1225 766 1418 818 esurit
1445 765 1521 819 ad
1551 764 1772 825 cultum
1796 765 1909 818 Dei
1934 769 2282 836 praeparati.
2347 768 2523 837 Ritus
2561 778 2723 835 pur-2

397 837 580 920 gandi
604 836 867 889 carnales
897 834 1120 900 fuisse,
1163 834 1313 889 nihil
1340 836 1561 889 mirum
1587 841 1703 902 eat,
1753 851 1936 907 quum
1960 837 2084 908 ipse
2112 837 2226 889 Dei
2257 837 2446 890 cultus
2481 838 2694 889 umbris

396 907 693 973 involutus
736 922 972 959 carnem
1009 904 1200 958 adhuc
1284 905 1672 963 uodammodo
1706 913 1951 975 saperet.
2021 907 2305 959 Sacerdos
2345 907 2514 964 enim
2547 908 2695 958 mor-

395 978 534 1031 talis
572 993 641 1028 ex
682 974 1085 1055 peccatoribus
1114 974 1263 1043 elige
1306 985 1469 1042 atur,
1524 975 1623 1046 qui
1657 974 1732 1027 ad
1760 984 1988 1044 tempus
2016 977 2195 1028 Sacra
2221 977 2482 1041 faceret;
2534 994 2694 1049 orna-

320 1054 328 1073 ¹
395 1055 492 1100 tus
536 1045 960 1117 eret'pratioso
1003 1045 1238 1118 quidem
1279 1045 1526 1112 vestitu,
1578 1043 1680 1097 sed
1709 1052 1907 1097 tamen
1935 1046 2264 1113 mundano,
2317 1057 2474 1100 utse
2499 1048 2565 1098 in
2591 1045 2693 1100 Dei

396 1114 777 1186 cmispectum
818 1115 1082 1179 sisteret3
1125 1123 1358 1168 tautum
1380 1116 1458 1168 ad
1474 1131 1684 1179 ¹arcam
1708 1113 1959 1169 foederis
1982 1117 2333 1182 accedebat«,
2386 1125 2455 1168 ut
2480 1118 2696 1187 ingres-

396 1204 525 1242 sum
568 1187 1002 1248 sanctificaret;
1051 1184 1349 1241 victimam
1374 1185 1534 1242 bruti
1561 1184 1827 1241 animalia
1856 1203 1940 1238 ex.
1954 1196 2222 1243 armento
2246 1187 2334 1238 vel
2363 1203 2551 1257 grege
2575 1204 2694 1239 mu·

392 1257 693 1323 tuebatur.
763 1259 833 1310 Iu
860 1255 1089 1308 Christo
1120 1256 1317 1308 omnia
1342 1255 1518 1325 longe
1550 1254 1942 1324 praecellunt3
1991 1257 2117 1324 ipse
2154 1254 2291 1310 non'
2311 1256 2493 1310 modo
2523 1273 2691 1323 purus

395 1397 774 1451 constituitur
804 1395 1117 1460 Sacerdos,
1167 1411 1284 1447 nou
1314 1395 1388 1447 ad
1413 1396 1590 1447 breve
1618 1396 1886 1448 mortalis
1916 1396 2068 1449 vitae
2096 1397 2347 1464 spatium
2367 1435 2386 1463 ,
2434 1397 2545 1449 sed
2572 1413 2692 1465 per-

392 1475 590 1538 petuo.
663 1466 991 1520 sanctionis
1020 1480 1195 1517 causa
1215 1465 1629 1519 iusiurandum
1655 1466 2066 1534 interponitur.
2116 1467 2317 1519 Prodit
2343 1467 2410 1518 iu
2435 1467 2690 1521 medium

394 1607 575 1678 guine
603 1621 710 1659 suo
736 1609 925 1659 Deum
961 1605 1274 1674 propitiat,
1327 1621 1591 1674 eumque
1615 1605 1891 1674 pacificat
1933 1623 2068 1659 cum
2103 1605 2472 1669 hominibus3
2527 1618 2690 1675 supra
2757 1602 2774 1641 θ

398 1678 599 1730 coelos
645 1674 1020 1741 conscendit,
1069 1683 1137 1727 ut
1170 1691 1370 1727 coram
1399 1678 1525 1728 Deo
1555 1676 1662 1744 pro
1692 1675 1862 1728 nohis
1889 1688 2168 1746 appareat
2192 1677 2508 1730 mediator.
2582 1681 2691 1731 lta-

439 1765 514 1805 ue
540 1745 792 1798 vicissim
824 1744 973 1797 nihil
995 1762 1030 1805 a
1049 1743 1218 1799 nobis
1244 1746 1605 1797 afferendum
1628 1755 1737 1812 est,
1776 1746 1931 1815 quod
1956 1763 2071 1798 non
2097 1747 2478 1814 respondeat,
2517 1758 2688 1819 quau·
2772 1756 2773 1769 ¹

393 1766 712 1888 gaquidem
742 1826 978 1868 mutuus
1008 1816 1167 1867 inter
1194 1815 1571 1868 Sacerdotem
1603 1824 1661 1867 et
1690 1817 1966 1885 populum
1998 1834 2309 1869 consensus
2337 1834 2470 1869 esse
2507 1818 2687 1871 debet«

392 1887 654 1941 Proinde
683 1887 975 1939 facessant
1000 1895 1274 1938 externae
1302 1888 1492 1937 carnis
1529 1885 1809 1953 lotiones,
1861 1902 1931 1940 ac
1974 1888 2350 1940 cesset‘totus
2393 1885 2504 1940 ille
2546 1905 2686 1942 cere-

392 1958 731 2014 moniarum
769 1960 1104 2033 apparatus.
1169 1957 1326 2008 Nam
1364 1955 1620 2008 externis
1657 1954 1775 2008 illis
1816 1954 2020 2025 figuris
2054 1958 2352 2026 Apostolus
2396 1958 2681 2011 sincerum
2772 1966 2773 1997 ἱ

394 2043 502 2080 cor
541 2025 816 2095 opponit,
866 2035 925 2078 et
962 2025 1106 2077 fidei
1132 2026 1545 2079 certitudinem
1571 2035 1631 2077 et
1657 2026 2073 2080 abstersionem
2106 2029 2371 2080 omnium
2399 2029 2672 2082 vitiorum.

392 2098 585 2167 Atque
613 2093 753 2148 hinc
777 2092 1103 2166 colligimus
1122 2132 1140 2163 ,
1190 2096 1441 2166 qualiter
1466 2111 1571 2147 nos
1598 2105 1971 2165 comparatos
1999 2102 2124 2156 esse
2149 2099 2392 2163 deceat,
2440 2107 2518 2150 ut
2545 2101 2671 2152 frun-

394 2182 529 2219 mur
543 2165 760 2220 Christi
800 2165 1126 2221 beneficiis.
1196 2167 1410 2235 Neque·
1441 2166 1604 2218 enim
1641 2166 1716 2218 ad
1752 2183 1887 2220 eum
1927 2168 2262 2234 acceditur,
2308 2168 2427 2221 nisi
2470 2169 2677 2240 integro
2772 2196 2773 2211 1

396 2237 577 2289 corde
603 2252 704 2289 seu
732 2236 964 2300 veraci,
1003 2245 1279 2305 certaque
1309 2235 1427 2288 fide
1453 2252 1524 2287 ac
1547 2251 1694 2304 pura
1719 2237 2097 2299 conscientia.
2166 2239 2346 2292 Porro
2378 2253 2492 2290 cor
2528 2232 2682 2292 {reru

391 2316 499 2360 aut
524 2307 814 2360 sincerum
839 2306 1036 2358 fucato
1072 2323 1141 2359 ac
1171 2304 1386 2375 duplici
1426 2302 1783 2375 opponitur(
1833 2310 1904 2361 In
1942 2310 2089 2360 voc‘e
2128 2309 2528 2383 πληροφορίας
2565 2308 2682 2361 fidei

394 2387 674 2430 naturam
707 2377 974 2446 designat
1005 2377 1306 2447 Apostolus
1326 2414 1344 2443 ,
1397 2384 1459 2427 et
1485 2377 1659 2430 simul
1692 2392 1795 2429 noa
1828 2379 2104 2431 admonet
2123 2415 2140 2444 ,
2187 2395 2302 2429 non
2349 2394 2530 2446 posse
2557 2395 2682 2449 'per-

392 2450 516 2515 cipi
546 2445 764 2501 Christi
868 2450 1078 2514 atium,
1115 2447 1230 2501 nisi
1255 2446 1330 2500 ab
1356 2446 1465 2515 iis,
1504 2447 1604 2518 qui
1633 2446 1811 2500 fixam
1839 2459 1897 2501 et
1922 2449 2222 2502 indubiam
2247 2451 2684 2519 persuasionem

392 2520 673 2573 afferunt.
744 2518 791 2571 A
832 2520 1171 2571 steraionem
1196 2517 1388 2571 cordis
1418 2534 1453 2569 a
1481 2518 1637 2570 mala
1662 2519 2020 2573 conscientia
2049 2519 2334 2587 appellat,
2391 2520 2491 2573 vel
2517 2536 2685 2590 quum

391 2660 470 2710 ab
518 2658 783 2716 omnihus
825 2660 1020 2728 pravis
1065 2658 1372 2710 affectibus
1413 2668 1728 2726 purgatum
1772 2661 1964 2712 carnis
1992 2660 2262 2716 *stimulis
2300 2676 2425 2711 non
2470 2661 2684 2731 pungit.
2772 2675 2773 2678 ’

392 2731 519 2797 Ego
545 2730 795 2781 libenter
822 2738 1131 2798 utrumque
1155 2727 1601 2797 comprehendo.
1665 2729 1837 2799 Quod
1854 2731 2132 2801 sequitur
2155 2729 2225 2780 de
2253 2745 2513 2798 corpore
2544 2747 2683 2800 aqua
2772 2777 2773 2782 ,

363 2815 540 2870 ‹pura
583 2798 813 2864 abluto,
867 2799 1125 2868 plerique
1166 2798 1238 2850 de
1277 2799 1570 2868 Baptismo
1614 2800 1945 2867 accipiunt3
1996 2800 2097 2853 sed
2140 2798 2285 2851 mihi
2325 2797 2683 2868 probabilius

394 2870 665 2940 videtur,
718 2868 1056 2937 Apostolum
1096 2866 1353 2920 alludere
1382 2868 1457 2920 ad
1484 2877 1701 2920 veteres
1727 2871 1900 2941 Legis
1937 2870 2329 2934 ceremonias,
2384 2880 2573 2935 atque
2610 2874 2684 2923 ita

391 2940 499 2999 nub
535 2942 735 3007 Aquae
774 2939 1013 2992 nomine
1048 2937 1351 3007 designare
1391 2938 1668 3006 Spiritum
1697 2940 1809 2991 Dei
1831 2977 1848 3005 ,
1900 2939 2392 3009 quemadmodum
2418 2940 2684 2995 Ezechiel
2772 2961 2773 3000 ι

392 3008 512 3077 (86,
549 3010 662 3071 25.)
708 3007 1004 3077 loquitur}
1056 3008 1371 3060 Effundam
1409 3025 1584 3077 super
1621 3025 1721 3062 vos
1761 3026 1937 3078 aquas
1972 3011 2216 3070 mundas
2252 3018 2364 3062 ete.
2447 3012 2685 3064 Summa
2772 3023 2773 3044 ¹

393 3089 515 3143 est,
565 3093 670 3130 nos
713 3077 845 3130 fieri
878 3077 1094 3132 Christi
1132 3079 1480 3147 participes,
1530 3079 1579 3131 si
1619 3094 1865 3145 corpore
1905 3088 1967 3146 et
2003 3081 2200 3134 anima
2228 3080 2589 3133 sanctificati
2618 3080 2684 3132 ad

397 3166 536 3201 eum
572 3148 921 3202 accedimus.
994 3149 1163 3201 Hanc
1192 3166 1363 3217 porro
1387 3149 1919 3202 sanctificationem
1951 3166 2072 3204 esse
2091 3190 2109 3221 ,
2150 3167 2269 3202 non
2298 3166 2450 3219 quae
2482 3151 2685 3205 visibili

237 3257 240 3260 -
343 3273 346 3276 ,
392 3219 856 3271 ceremoniarum
896 3219 1111 3292 pompa
1155 3227 1416 3283 constat,
1464 3219 1562 3271 sed
1606 3219 1844 3272 firmam
1883 3220 2095 3287 fldem,
2140 3233 2347 3289 puram
2382 3222 2684 3274 conscien-

393 3290 571 3355 tiam,
628 3290 884 3358 corporis
905 3295 981 3339 ‘et
1022 3289 1253 3341 animae
1290 3288 1675 3354 mundiciem‚
1729 3306 1876 3359 quae
1913 3307 1948 3341 a
1986 3292 2200 3358 Spiritu
2224 3292 2333 3343 Dei
2375 3301 2591 3344 manat
2620 3308 2684 3343 ac

393 3358 719 3430 perficitur.
792 3360 884 3411 Ita
909 3358 1114 3410 Paulus
1138 3361 1213 3414 11.
1238 3359 1309 3410 ad
1338 3361 1470 3411 Cor.
1504 3376 1630 3426 cap.
1658 3360 1711 3423 7,
1742 3359 2011 3413 1.fideles
2034 3362 2331 3429 hortatur,
2373 3370 2441 3412 ut
2471 3380 2538 3414 se
2559 3379 2707 3430 pur·-

390 3440 534 3498 gent
561 3429 632 3481 ab
638 3430 820 3551 1plmni
849 3428 1289 3499 inquinamento
1320 3431 1514 3482 carnis
1547 3438 1605 3481 et
1641 3428 1909 3499 spiritus,
1958 3448 2139 3501 quum
2183 3432 2303 3483 sint
2335 3430 2615 3503 adoptati
2653 3448 2685 3485 a

392 3503 520 3556 Deo
548 3500 609 3552 in
706 3499 814 3551 ios.
1055 3521 1056 3530 ¹
2502 3519 2511 3530 ‘

526 3568 612 3621 23.
677 3568 1010 3620 ‘Teneemus
1039 3568 1467 3634 confusionem
1505 3568 1649 3634 spei.
1724 3568 2020 3636 Quoniam
2051 3569 2149 3621 hic
2172 3568 2420 3621 Iudaeos
2450 3571 2531 3624 ad
2558 3587 2684 3639 per·-

392 3638 781 3691 severantiam
820 3635 1123 3702 hortatur,
1178 3653 1335 3703 spem
1360 3637 1556 3703 potius
1584 3653 1756 3706 quam
1788 3636 1966 3689 fidem
1996 3642 2284 3693 nominat.
2356 3642 2522 3693 Nam
2568 3657 2684 3710 spes

391 3707 679 3761 sicuti¹ex
712 3707 830 3760 fide
870 3708 1164 3774 nascitur,
1214 3708 1298 3757 ita
1328 3722 1460 3760 eam
1487 3707 1562 3758 ad
1593 3715 1914 3759 extremum
1943 3725 2127 3779 usque
2167 3710 2274 3760 alit
2310 3726 2380 3760 ac
2418 3712 2685 3763 sustinet.

396 3764 839 3832 Con'fessiouem
880 3787 1185 3844 praeterea
1221 3777 1499 3845 requirit,
1556 3775 1691 3844 q'uia
1718 3794 1835 3829 non
1872 3786 1957 3829 est
1985 3797 2119 3832 vera
2150 3778 2328 3842 fides,
2381 3769 2516 3833 nisi‘
2546 3795 2685 3850 quae

391 3845 468 3900 se*
484 3848 698 3901 exserit
721 3848 799 3899 ad
826 3846 1108 3901 homines.
1176 3849 1254 3899 Et
1276 3846 1763 3915 videturoblique
1791 3851 2181 3919 perstringere
2213 3864 2418 3900 eorum
2449 3850 2686 3903 simula·

392 3918 617 3969 tionem
638 3955 653 3982 ‚
703 3919 804 3988 qui
835 3918 899 3968 iu
928 3919 1115 3987 gentis
1146 3933 1283 3980 suae
1305 3918 1554 3984 gratiam
1582 3915 1796 3985 legales
1822 3921 1967 3971 ritus
1995 3919 2169 3972 nimis
2197 3918 2468 3985 religiose
2501 3936 2686 3972 serva·

390 3988 553 4042 hant.
625 3988 757 4039 Non
789 4002 924 4054 ergo
955 3998 1179 4058 tantum
1204 3986 1382 4039 corde
1412 3986 1686 4051 credere,
1737 3988 1836 4039 sed
1877 4006 1940 4040 re
1969 3991 2097 4057 ipsa
2123 4004 2348 4057 quoque
2380 3992 2687 4042 ostendere

393 4059 472 4111 ac*
507 4056 776 4128 profiteri
818 4071 915 4106 eos
953 4058 1151 4123 iubet,
1201 4067 1489 4127 quantum
1522 4055 1752 4109 Christo
1778 4058 2060 4111 deferant.
2131 4058 2464 4126 Diligenter
2500 4071 2688 4112 amem

395 4127 657 4181 notanda
683 4136 778 4180 est
802 4125 988 4193 ratio,
1029 4143 1204 4196 quam
1236 4125 1469 4179 subiicit
1489 4164 1506 4192 ,
1543 4129 1728 4197 Deum
1749 4163 1765 4191 ,
1804 4131 1905 4195 qui
1931 4129 2231 4196 promisit,
2271 4130 2528 4197 fidelem
2560 4147 2685 4182 esse.

391 4197 541 4253 Nam
583 4197 724 4250 inde
767 4197 1022 4266 primum
1063 4197 1373 4264 docemur,
1435 4197 1551 4248 hoc
1597 4195 1978 4251 fundamento
2029 4197 2143 4249 niti
2186 4197 2360 4248 fidem
2403 4209 2687 4261 nostram,

392 4270 547 4337 quod
592 4268 751 4320 Deus
794 4282 965 4317 verax
1007 4267 1105 4322 sit.
1187 4269 1370 4320 Porro
1424 4266 1572 4328 haec
1623 4267 1837 4319 veritas
1887 4268 2267 4336 promissione
2315 4269 2687 4321 contineturz

307 4387 310 4390 ,
392 4354 534 4390 nam
558 4345 625 4387 ut
654 4336 957 4387 credamus
976 4374 991 4402 ,
1042 4338 1272 4404 praeire
1301 4339 1646 4391 Dei.vooem
1678 4346 1925 4406 oportet.
1996 4339 2122 4390 Nec
2147 4338 2449 4410 quaelibet
2481 4356 2601 4391 vox
2627 4334 2691 4386 ad

392 4406 745 4480 gignendam
775 4405 952 4462 fldem
978 4408 1090 4462 erit
1112 4406 1363 4479 idonen
1412 4406 1536 4468 sola
1566 4408 1879 4481 promissio
1914 4416 2036 4478 est,
2086 4408 2372 4479 iuquam
2416 4409 2574 4463 fides
2609 4423 2691 4461 re-
