2820 4895
420 264 439 290 ·
617 215 1933 374 Ao·T1MoTnaUmi‘.-xcir.1.
2146 197 2164 367 Ἰ
2281 237 2420 328 εει,

149 424 340 482 diuum
381 440 575 478 mores
612 422 1030 478 demonstrent
1067 419 1226 482 nihil
1265 433 1367 479 aut
1405 440 1583 496 quam
1614 423 1926 478 minimum
1955 441 2079 479 esse
2103 424 2390 498 integrfta

96 501 100 505 ’
147 497 215 548 tis
241 495 301 545 in
329 496 579 558 mundo,
629 494 804 554 valde
831 494 1165 548 timendum
1195 504 1316 557 est,
1352 510 1428 545 ne
1453 495 1625 547 brevi
1656 494 1790 559 lux,
1830 489 1978 564 qiiae
2008 512 2254 548 accensa
2287 497 2415 562 fue·

145 574 264 629 rat,
309 559 753 632 exstinguatur,
803 570 862 615 et
942 563 1271 615 aucissimis
1302 564 1463 615 Deus
1498 581 1708 631 puram
1738 562 2044 630 Evangelii
2073 564 2415 635 intelligen-

146 634 277 684 tiam
310 631 623 702 relinquat.
695 633 904 697 Metap
952 649 1057 686 ora
1094 648 1126 682 a
1165 632 1491 708 naufragio⁴
1526 643 1757 700 sumpta
1797 632 2103 699 aptissime
2144 639 2416 704 quadrat.

145 718 273 753 nam
300 700 526 767 innuit,
578 710 643 754 ut
672 701 830 753 salva
856 700 1002 753 fides
1032 700 1104 752 ad
1136 710 1372 769 portum
1402 718 1587 769 usque
1612 702 1955 771 perveniat,
2008 703 2413 773 navigationis

144 780 366 822 nostrae
393 787 629 826 cursum
655 770 814 822 bona
836 769 1208 830 conscientia
1232 770 1560 839 regendum
1592 787 1750 836 esse,
1790 770 1931 827 alias
1955 772 2261 841 naufragii
2290 790 2415 827 esse

145 838 495 907 periculum:
554 839 669 891 hoc
717 848 804 891 est
851 856 925 889 ne
962 837 1109 890 fides
1143 837 1300 892 mala
1349 839 1718 891 conscientia
1755 845 2036 910 tanquam
2073 841 2312 913 gurgite
2350 841 2415 895 in

143 906 293 962 mari
314 907 644 972 procelloso
672 916 1026 978 mergatur..
1130 956 1136 982 ξ
1595 937 1600 940 ·

267 975 356 1028 20.
410 1039 415 1044 ἱ
439 975 805 1046 Hymenaeus
832 989 885 1027 et
911 973 1254 1028 Alexander.
1334 972 1602 1028 Priorem
1626 975 1845 1029 iterum
1873 977 2206 1031 nominabit
2228 979 2293 1031 in
2324 996 2416 1032 se-

143 1044 324 1099 cunda
362 1045 643 1113 epistola:
696 1045 795 1097 ubi
833 1045 1010 1097 etiam
1049 1044 1260 1097 naufra
1307 1043 1387 1109 ii,
1424 1044 1577 1115 quod
1602 1046 1859 1111 fecerat,
1895 1046 2122 1116 species
2149 1049 2410 1103 notatur.

140 1111 363 1164 dicebat
391 1113 550 1166 enim
576 1112 1082 1174 resurrectionem
1111 1129 1240 1165 esse
1300 1122 1514 1167 actam.
1577 1114 1873 1166 Credibile
1908 1123 1996 1165 est
2019 1117 2413 1171 Alexandrum

142 1197 364 1261 quoque
394 1191 520 1235 tam
552 1183 803 1235 absurdo
834 1175 1036 1235 e'rrore
1063 1181 1248 1236 fuisse
1279 1182 1701 1244 dementatum.
1774 1185 1850 1238 Et
1890 1181 2067 1236 hodie
2105 1186 2412 1252 miramur,

139 1265 185 1303 sn
224 1253 500 1320 quosdam
542 1251 722 1312 variis
765 1247 1105 1320 praestigiis
1145 1250 1389 1305 deludat
1432 1252 1645 1318 Satan,
1698 1268 1879 1321 quum
1915 1268 2100 1308 unum
2144 1272 2214 1306 ex
2242 1257 2413 1310 Pauli
2457 1299 2464 1307 .

140 1319 452 1372 comitibus
490 1330 614 1373 tam
652 1320 948 1372 horrendo
987 1318 1633 1401 praecipitio'periisse
1667 1321 2024 1378 cernamus?
2096 1325 2413 1386 Caeterum
2454 1338 2461 1345 '

50 1413 52 1428 ›
138 1389 333 1440 ambos
349 1388 667 1442 Timotheo
697 1390 970 1442 nominat
996 1392 1278 1458 tanquam
1305 1389 1578 1441 hommes
1608 1399 1801 1441 notos.
1863 1391 1991 1458 Ego
2024 1393 2263 1461 quidem
2292 1395 2432 1452 non‘

137 1455 367 1523 dubito,
417 1458 563 1528 quin
601 1457 704 1511 hic
740 1457 971 1518 ille,sit¹
1003 1457 1372 1523 Alexander,
1430 1457 1613 1528 cuius,
1637 1459 2000 1518 mentionem¹
2036 1461 2179 1513 facit
2223 1464 2434 1517 Lucas

139 1527 411 1586 Actorum
440 1527 528 1594 19,
557 1528 683 1593 33.,'
717 1527 820 1597 qui
845 1526 1168 1579 tumultum
1196 1526 1339 1578 ficta
1371 1537 1431 1578 et
1460 1528 1705 1596 profana
1734 1544 1836 1579 sua
1858 1528 2143 1596 koratione
2173 1548 2432 1601 compo-j

138 1594 270 1647 suit.
314 1605 440 1648 erat
467 1606 666 1650 autem
687 1596 988 1665 Ephesius.
1061 1596 1141 1647 Et
1169 1596 1326 1648 hanc
1351 1596 1663 1665 epistolam
1693 1597 1949 1668 diximus
1976 1601 2238 1654 maxime
2261 1603 2412 1653 ,seri-

138 1671 291 1731 ptam
327 1665 521 1717 fuisse
565 1665 957 1735 Ephesiorum
995 1679 1196 1717 causa.
1287 1666 1462 1717 Nunc
1502 1665 1798 1731 audimus,
1857 1668 2092 1736 qualem
2131 1669 2416 1724 habuerit
2493 1697 2497 1712 ‚

138 1733 378 1786 exitum‘:
415 1734 723 1786 audientes
762 1734 1032 1786 colamus
1070 1733 1224 1785 bona
1266 1732 1635 1788 conscientia
1660 1733 1801 1786 fidei
1829 1744 2069 1788 nostrae
2097 1740 2434 1806 possessio·'“

137 1815 294 1868 nem,
341 1812 408 1854 ut
440 1804 601 1856 salva
627 1804 799 1856 nobis
826 1802 900 1855 ad
927 1812 1256 1855 extremum
1283 1813 1541 1856 maneat.
1675 1802 1857 1869 ‘Quos
1886 1807 2108 1857 tradidi
2137 1808 2410 1866 Satanae.

139 1869 635 1938 Quemadmodum
678 1872 927 1925 diximus
961 1870 1024 1922 in
1061 1870 1340 1941 quintum
1382 1880 1561 1940 caput
1600 1871 1820 1944 prioris
1863 1873 2149 1941 epistolae
2189 1878 2259 1928 ad
2296 1875 2434 1930 (lo-f

52 1949 53 1964 ¹
138 1940 379 1992 rinthios
420 1944 501 2007 (Ι.
532 1944 674 1995 Cor.
702 1944 752 2006 5⁴,
778 1943 890 2005 5.),
940 1938 1220 2009 suntqui
1257 1940 1733 2009 interpretantur
1776 1945 2269 1998 extraordinariis
2303 1947 2411 1997 fla-

142 2008 306 2071 gellis
348 2011 543 2064 fuisse
583 2009 912 2063 coercitos=
963 2008 1145 2077 idque
1181 2009 1456 2061 referunt
1496 2010 1568 2062 ad
1604 2004 1878 2080 δύναμιν,
1926 2013 2106 2070 cuius
2139 2017 2416 2070 meminit

141 2075 340 2131 Paulus
367 2080 633 2132 eiusdem
659 2078 943 2145 epistolae
971 2078 1168 2145 capite
1197 2076 1375 2141 12‚28.
1429 2078 1582 2140 Nam
1608 2089 1672 2129 ut
1700 2079 1855 2129 dono
1882 2081 2218 2135 sanationis.
2242 2101 2412 2151 prae-

143 2144 243 2197 diti
270 2157 441 2200 erant
474 2147 745 2215 Apostoli
770 2145 841 2198 ad
866 2143 1196 2199 testandam
1229 2161 1371 2213 erga
1398 2146 1532 2216 pios
1560 2144 1963 2217 Dei‘gratiam
1991 2161 2049 2203 et
2072 2151 2412 2205 beneficen—

143 2212 310 2268 tiam:
363 2218 451 2271 ita
494 2218 765 2269 adversus
798 2214 1016 2281 impios
1053 2224 1114 2267 et
1151 2214 1405 2270 rebelles
1438 2215 1651 2267 armati
1686 2226 1859 2268 erant
1879 2219 2183 2286 potentia,
2223 2224 2315 2273 vel
2345 2233 2412 2276 ut

50 2311 57 2318 -
145 2285 418 2338 vexandos
465 2284 704 2338 diabolo
739 2283 1072 2350 traderent,
1117 2283 1211 2334 vel
1255 2292 1320 2336 ut
1355 2283 1488 2336 aliis
1525 2283 1781 2354 flagellis
1814 2287 1876 2336 in
1908 2305 2008 2339 eos
2038 2289 2411 2343 animadve»-

140 2353 346 2406 terent.
420 2353 609 2408 Cuius
649 2353 951 2422 potentiae
990 2351 1289 2421 specimen
1326 2352 1510 2405 edidit
1537 2353 1742 2418 Petrus
1784 2347 1935 2422 (Act.
1963 2356 2015 2423 5,
2046 2358 2120 2424 1.)
2159 2359 2222 2409 in
2260 2361 2411 2411 Ana-

141 2418 238 2472 nia
264 2432 325 2474 et
348 2422 677 2493 sapphira:
719 2421 931 2478 Paulus
958 2424 1104 2488 (Act.
1134 2419 1218 2488 18,
1246 2421 1324 2489 6.)
1355 2437 1494 2474 vero
1523 2420 1586 2472 in
1620 2422 1862 2477 Bariesu
1890 2441 2085 2496 mago.
2158 2430 2233 2480 At
2260 2429 2414 2482 mihi

143 2487 211 2539 de
237 2491 856 2556 excommunicatione
882 2506 1188 2557 *ex-ponere
1215 2492 1398 2558 magis
1426 2490 1676 2559 placem·
1708 2509 1843 2544 nam
1874 2503 1938 2546 u·t
1967 2496 2274 2550 credamus
2303 2500 2410 2551 ali-

142 2563 232 2608 ter
256 2578 433 2630 quam
467 2558 1086 2624 excommunicatione
1109 2558 1463 2629 castigatum
1494 2560 1679 2612 fuisse
1706 2562 2091 2616 Corinthium
2115 2565 2289 2621 illum
2317 2568 2412 2619 in·-

145 2636 397 2698 cestum,
447 2631 616 2682 nulla
656 2628 983 2697 probabilis
1029 2628 1371 2691 coniectura
1412 2629 1679 2682 affertur.
1760 2624 1821 2682 Si
1864 2643 2062 2685 autem
2098 2633 2269 2687 illurn
2316 2654 2409 2689 ex-

143 2700 628 2755 communicando
663 2695 912 2750 Satanae
964 2696 1212 2748 tradidit
1256 2697 1502 2764 Paulus,
1558 2714 1668 2750 cur
1717 2716 1833 2750 non
1893 2703 2093 2757 eadem
2142 2702 2415 2774 loquutio

140 2760 289 2819 idem
316 2768 413 2820 hie
447 2767 716 2819 valebit?
779 2765 949 2823 Adde
978 2766 1135 2834 quod
1167 2764 1293 2817 vim
1321 2768 2196 2839 excommunicationisoptime
2228 2764 2408 2842 expli;

131 2837 251 2890 cat.
294 2853 434 2889 nam
478 2852 661 2905 quum
703 2834 770 2887 in
800 2833 1059 2889 Ecclesia
1093 2834 1290 2887 sedem
1323 2836 1500 2903 regni
1530 2835 1620 2911 sui
1648 2837 1865 2889 habeat
1891 2840 2196 2908 Christus,
2248 2853 2415 2897 extra

142 2916 254 2957 non
290 2915 380 2958 est
415 2904 528 2957 nisi
554 2901 1179 2956 Satanae‘dominium.
1254 2904 1502 2957 Proinde
1530 2904 1629 2973 qui
1655 2906 1728 2958 ab
1758 2906 2023 2959 Ecclesia
2052 2908 2432 2964 extermina-¹

141 2979 266 3038 tur,
317 2991 452 3027 eum
476 2973 772 3041 tantisper
796 2972 902 3024 sub
930 2971 1243 3039 tyrannide
1269 2972 1520 3023 Satanae
1550 2975 1763 3043 degere
1806 2992 2047 3028 necesse
2091 2988 2209 3046 est,
2274 2981 2413 3034 dum

139 3037 438 3106 Ecclesiae
478 3040 906 3106 reconciliatus
949 3041 1018 3091 ad
1048 3040 1356 3092 Christum
1394 3041 1617 3095 redeat.
1691 3045 1885 3097 Unum
1925 3047 2197 3115 excipio,
2251 3050 2414 3119 quod

139 3124 247 3177 pro
271 3112 414 3163 mali
443 3111 762 3164 atrocitate
789 3118 1142 3179 perpetuum
1171 3108 1303 3162 istis
1332 3109 1645 3164 anathema
1672 3112 2020 3166 denuntiare
2049 3117 2282 3183 potuit:
2336 3119 2412 3171 do

143 3193 253 3245 quo
289 3181 445 3232 nihil
484 3189 683 3232 tamen
722 3177 910 3231 ausim
949 3194 1059 3246 pro
1097 3187 1262 3230 certo
1305 3194 1592 3233 asserere.
1670 3180 1784 3233 Sed
1809 3183 1951 3251 quid
1976 3181 2093 3235 sibi
2117 3186 2246 3239 vult
2273 3203 2411 3255 pro-

141 3245 291 3300 xima
316 3249 620 3316 particula
658 3246 731 3300 Ut
760 3249 990 3298 discant
1016 3265 1132 3298 non
1162 3248 1549 3300 maledicere?
1596 3264 1735 3301 nam
1763 3252 1860 3319 qui
1888 3252 1959 3303 ab
1990 3252 2262 3307 Ecclesia
2291 3256 2413 3308 eie-

143 3323 264 3367 ctus
293 3327 421 3385 est,
462 3317 595 3388 plus
625 3315 904 3368 licentiae
931 3315 1048 3368 sibi
1077 3326 1358 3384 usurpatt
1408 3316 1547 3387 quia
1574 3326 1861 3389 tanquam
1888 3322 2211 3375 communis
2238 3323 2410 3378 disci-

142 3383 337 3450 plinae
374 3388 520 3456 iugo
559 3380 788 3438 solutus
824 3385 1186 3454 petulantius
1225 3385 1506 3453 insurgit.
1576 3385 1950 3456 Respondeo,
1986 3400 2285 3463 utcunque
2316 3411 2413 3448 ex-

141 3451 317 3506 sultet
357 3454 983 3521 eorum'improbitas,
1050 3453 1276 3506 aditum
1318 3463 1525 3508 tamen
1563 3456 1900 3524 praecludi,
1950 3476 2026 3509 ne
2064 3477 2167 3513 sua
2208 3473 2412 3516 conta-

76 3545 83 3549 ·
140 3519 312 3642 {ione
341 3539 591 3594 gregem
619 3521 916 3576 inficiant.
977 3523 1131 3575 Nam
1163 3526 1233 3574 eo'
1261 3522 1511 3576 maxime
1531 3534 1749 3577 nocent
1775 3525 2057 3595 improbi,
2094 3528 2231 3582 dum
2262 3532 2413 3587 eius·

183 3600 271 3642 em
298 3591 438 3645 fidei
467 3601 777 3662 praetextu
806 3609 866 3643 se
888 3591 1214 3645 insinuant.
1283 3592 1554 3647 Nocendi
1593 3609 1737 3662 ergo
1772 3595 2026 3649 facultas
2067 3597 2190 3650 illis
2229 3601 2448 3670 eripi--

141 3663 259 3724 tur,
298 3661 439 3714 dum
470 3671 754 3715 notantur
776 3661 1022 3730 publica
1041 3659 1308 3728 infamia,
1342 3671 1412 3714 ut
1437 3678 1609 3714 nemo
1636 3665 1989 3730 simplicium
2012 3667 2257 3733 ignoret
2283 3687 2415 3738 pro-

140 3725 309 3780 fanos
354 3748 482 3783 esse
521 3730 797 3783 homines
834 3738 897 3781 et
936 3730 1360 3783 exsecrandos:
1399 3730 1653 3799 ideoque
1682 3748 1884 3785 omnes
1910 3735 1985 3793 ,ab
2014 3753 2221 3790 eorum
2252 3744 2411 3794 corr!-

144 3799 547 3852 municatione
570 3798 955 3851 abhorreant.
1026 3799 1194 3868 Ipsos
1224 3797 1402 3852 etiam
1430 3799 1733 3868 interdum
1764 3801 2091 3872 contingit,
2136 3805 2439 3875 irrogata.

140 3864 245 3915 sibi
262 3866 400 3920 talis
415 3868 775 3936 ignominiae
797 3876 962 3933 nota,
984 3867 1262 3921 confusos
1283 3884 1318 3922 a
1333 3868 1643 3937 protervia
1662 3867 1960 3925 desistere.
1994 3872 2155 3942 Ergo
2180 3875 2415 3930 etiamsi

142 3930 544 4002 improbiores
581 3936 908 3991 reddantur
943 3936 1294 4008 aliquando,
1341 3947 1537 3993 tamon
1561 3953 1683 4000 non
1710 3955 1948 4011 semper
1973 3941 2195 4000 inutile
2224 3955 2313 4000 est
2340 3947 2414 4000 ad

135 3999 493 4062 domandam
518 4005 813 4063 ferociam
830 4006 1178 4063 remedium.
1380 4044 1385 4049 ι

192 4440 306 4549 ,η
1058 4450 1117 4475 ..
1503 4432 1808 4597 '1⁶‘
