2820 4895
368 207 493 298 iss,
910 202 1026 272 m
1082 202 1713 274 episto-me
1774 195 2108 288 raum

363 373 486 432 Hic
522 381 709 440 vocat
724 372 989 438 sublime
1022 391 1339 446 nonnum,
1379 374 1536 446 qu‘od
1561 374 1931 447 incognitum
1961 376 2151 431 fuerit
2176 376 2425 432 saeculis
2452 384 2512 431 et
2540 394 2646 448 ge-

363 444 804 499 nerationibus:
869 443 987 496 hoc
1033 456 1120 497 est
1167 446 1239 498 ab
1290 446 1465 497 initio
1505 445 1710 497 mundi
1755 463 1863 515 per
1900 455 1991 499 tot
2033 456 2297 504 aetatum
2338 447 2645 502 circuitum

365 514 536 587 Quod
566 522 765 565 autem
794 513 864 563 de
895 512 1221 579 Evangelio
1250 513 1561 583 loquatur,
1607 524 1857 582 apparet
1885 531 1953 570 ex
1981 533 2111 583 cap.
2142 515 2341 578 16:25.
2361 554 2379 582 ,
2429 515 2644 582 episto-

356 582 560 646 head
587 584 910 646 Romanos,
953 583 1024 634 ad
1054 582 1339 653 Ephesios
1369 600 1498 651 cap.
1528 582 1582 650 3,
1614 582 1699 648 9.,
1734 593 1795 636 et
1824 584 2136 645 similibus.
2207 586 2318 637 Sed
2348 584 2507 636 rat‘io
2537 604 2644 654 ap—

362 651 704 723 pellationis
746 651 1075 722 quaeritur.
1157 652 1482 717 Nonnulli,
1535 641 1677 735 quia'
1714 651 1928 706 Paulus
1965 655 2314 708 nominatim
2351 652 2647 709 Gentium.

360 720 739 777 vocationem
778 720 1060 789 attingit,
1107 720 1264 782 hanc
1311 722 1497 772 solam
1543 721 1839 774 rationem
1881 722 2303 794 appellationis
2338 739 2462 775 esse
2489 722 2645 776 iudi·

360 798 534 858 cant,
560 788 746 860 'quod
773 786 1062 843 Doininus
1102 788 1266 859 quasi
1305 806 1374 841 ex
1412 789 1716 857 insperato
1759 789 2019 857 gratiam
2059 792 2534 844 suameffuderit
2571 792 2646 845 in

361 859 625 929 Gentes·¹
672 874 810 928 quas
841 859 1000 910 vitae
1029 870 1307 911 aeternae
1333 859 1867 911 communicatione
1898 859 1957 911 in
1993 870 2348 929 perpetuum
2382 861 2644 927 privasse

290 943 325 974 Φ
356 927 692 983 videbatur.
766 927 942 998 Atqui
983 927 1228 997 propius
1273 927 1472 979 omnia
1508 927 1767 980 intuenti
1805 928 1955 980 hanc
1990 930 2408 982 tertiamresse
2449 927 2648 982 ratio-⁴

354 1011 495 1064 rtem
531 989 794 1068 patebit,
848 1013 969 1048 non
1007 996 1225 1052 solam
1282 995 1437 1064 quod
1479 995 1713 1065 quidem
1753 996 2014 1065 pertinet
2047 997 2115 1050 ad
2150 993 2521 1067 praesentem
2547 995 2642 1049 lo·

359 1065 494 1121 cum
514 1105 531 1133 ,
572 1064 832 1120 et'illum
861 1064 1118 1119 alterum
1143 1065 1215 1115 ad
1248 1065 1576 1131 Romanos,
1612 1081 1788 1135 quem
1815 1064 2018 1118 citavi.
2103 1066 2301 1118 Prima
2334 1066 2489 1119 enim
2521 1075 2641 1134 est,

296 1159 301 1168 ι
355 1136 550 1205 quod,
602 1152 785 1203 quum
812 1135 918 1186 sub
949 1123 1215 1186 obscuris
1245 1140 1370 1186 tam
1397 1135 1713 1194 verborum
1742 1151 1916 1204 quam
1954 1136 2429 1189 ceremoniarum
2464 1136 2643 1187 invo-

352 1205 537 1260 lucris
566 1210 702 1256 ante
729 1203 954 1254 Christi
984 1202 1295 1274 adventum
1321 1202 1652 1254 Ecclesiam
1685 1203 2265 1282 suamgubernasset
2296 1207 2486 1269 Deus,
2538 1221 2642 1256 su-

349 1273 479 1329 bito
505 1273 681 1343 plena
709 1271 958 1323 caritate
988 1270 1210 1324 affulsit
1236 1287 1343 1336 per
1374 1270 1678 1340 Evangelii
1711 1272 2065 1324 doctrinam.
2136 1273 2423 1338 Secunda,
2455 1272 2642 1342 quod,

354 1347 539 1415 quum
575 1339 720 1391 nihil
763 1347 901 1392 ante
941 1347 1285 1408 cerneretur
1313 1348 1548 1406 praeter
1579 1348 1852 1391 externas
1881 1341 2131 1407 figuras,
2180 1342 2475 1394 exhibitus
2501 1342 2641 1394 fue·

348 1413 435 1467 rit
460 1408 732 1463 Christus
771 1424 973 1460 secum
1011 1407 1206 1460 ferens
1246 1407 1482 1477 plenam
1524 1407 1875 1473 veritatem,
1925 1426 2040 1479 qua
2076 1410 2352 1462 latuerat.
2426 1410 2647 1474 Tertia,

350 1490 444 1535 est
468 1487 644 1549 quam‘
677 1476 823 1541 dixi,
861 1476 1018 1546 quod
1041 1485 1203 1530 totus
1235 1477 1427 1543 orbis',
1481 1477 1583 1545 qui
1611 1476 1903 1529 hactenus
1932 1495 1964 1529 a
1994 1479 2121 1531 Deo
2157 1478 2378 1532 alienus
2409 1480 2641 1545 fuerat,

349 1550 418 1603 in
455 1557 620 1616 sp'em
658 1544 860 1598 salutis
903 1555 1186 1609 vocetur,
1237 1554 1299 1596 et
1328 1546 1597 1599 omnibus
1627 1546 1911 1598 offeratur
1937 1547 2138 1604 eadem
2168 1560 2445 1606 aeternae
2476 1548 2640 1601 vitae

298 1643 303 1648 ·
348 1616 676 1672 hereditas.
760 1616 986 1666 Harum
1014 1630 1215 1666 rerum
1247 1623 1477 1666 attenta
1511 1615 1905 1666 consideratio
1938 1626 2119 1683 coget
2139 1633 2251 1672 snos
2281 1615 2642 1685 mysterium

348 1683 505 1754 hoc,
532 1683 705 1754 'quod
745 1683 1053 1753 praedicat
1082 1684 1325 1749 Paulus,
1371 1684 1664 1752 suspicere
1704 1694 1765 1735 et
1802 1684 2082 1737 adorare:
2138 1686 2465 1755 quamlibet
2492 1703 2641 1738 con·

347 1753 623 1823 temptim
650 1753 942 1805 habeatur
968 1770 1001 1805 a
1026 1752 1278 1818 mundo,
1316 1752 1404 1802 vel
1440 1752 1616 1805 etiam
1642 1752 1926 1807 rideatur.
2081 1752 2433 1820 Quodknunc
2453 1757 2460 1760 '
2481 1772 2642 1805 reve-

348 1826 537 1879 latum
575 1835 680 1875 est.
752 1820 970 1890 Nequis
1010 1821 1297 1874 aliorsum
1337 1820 1602 1872 traheret
1641 1838 1854 1872 nomen
1893 1822 2200 1888 Mysterii,
2249 1823 2415 1893 quasi
2452 1824 2524 1874 de
2567 1839 2638 1875 rc

349 1892 544 1950 adhuc
580 1891 846 1943 abstrusa
890 1899 951 1941 et
987 1889 1194 1957 ignota
1229 1889 1607 1959 loqueretur,
1659 1889 1819 1944 addit
1853 1907 2008 1942 nunc
2035 1891 2276 1945 tandem
2307 1891 2489 1945 fuisse
2518 1907 2637 1961 pu-

291 2004 296 2012 .
345 1960 675 2025 blicatum,
723 1969 790 2012 ut
831 1957 1180 2010 hominibus
1221 1959 1644 2030 innotesceret.
1734 1958 1902 2082 (guod
1942 1955 2129 2028 igitur
2166 1970 2373 2032 suapte
2413 1968 2640 2013 natura

327 2024 632 2088 'arcanum
672 2036 835 2094 erat,
886 2026 1389 2095 patefactum'Dei
1422 2026 1727 2079 voluntate
1782 2027 1884 2080 uit.
1935 2045 2115 2097 quare
2144 2046 2262 2081 non
2293 2039 2436 2095 est,⁸
2468 2028 2638 2097 quod
2691 2071 2706 2080 ,

344 2115 458 2154 nos
487 2098 818 2151 obscuritas
847 2096 1181 2152 absterreat
1214 2096 1493 2164 postrDei
1520 2094 1964 2148 revelationem.
2048 2096 2222 2152 Addit
2243 2107 2445 2150 tamen
2476 2091 2637 2149 San‘-
2671 2157 2679 2163 ,

328 2171 463 2236 >ctis
485 2187 506 2219 .·
548 2164 703 2236 aquia
731 2182 855 2220 non
884 2163 1488 2228 omnibusrevelatur
1513 2163 1634 2218 Dei
1659 2163 2008 2235 brachium,
2058 2174 2123 2219 ut
2151 2166 2277 2228 eius
2306 2164 2636 2221 consilium

343 2229 713 2307 intelligant.
796 2301 799 2304 Ι

477 2372 568 2428 27.
646 2369 867 2441 Ωιιίῦιὶε
892 2371 1103 2423 voluit.
1185 2371 1297 2423 Hic
1327 2386 1469 2423 vero
1497 2370 1729 2424 frenum
1757 2367 1958 2425 iniicit
1980 2370 2285 2432 hominum
2315 2369 2632 2439 audaciae,

340 2463 422 2503 ne
446 2444 578 2516 plus
604 2459 813 2512 sapere
843 2440 938 2495 vel
963 2438 1272 2509 inquirere
1295 2437 1409 2493 sibi
1439 2441 1817 2513 permittant,
1856 2457 2032 2511 quam
2060 2453 2302 2523 oportet
2324 2461 2340 2495 s
2378 2441 2479 2495 sed
2504 2440 2630 2495 hoc

339 2533 460 2571 uno
503 2511 775 2565 contenti
819 2526 944 2562 esse
989 2510 1246 2576 discant,
1292 2511 1378 2561 ita
1421 2510 1551 2562 Deo
1590 2508 1901 2578 placuisse.
2000 2512 2114 2563 Dei
2156 2513 2309 2565 enim
2349 2512 2629 2564 voluntas

332 2584 578 2640 abunde
603 2580 876 2639 sufficere
903 2578 1072 2637 nobis
1099 2578 1273 2630 debet
1300 2596 1407 2647 pro
1438 2594 1628 2631 causa.
1665 2578 1781 2630 hoc
1814 2589 2013 2632 tamen
2042 2581 2362 2648 praecipue
2393 2579 2639 2640 dictum

343 2663 435 2706 est
471 2652 544 2703 ad
576 2649 804 2721 gratiae
836 2647 949 2700 Dei
987 2647 1598 2713 commendationem,
1655 2646 1794 2716 quia
1829 2647 2027 2700 innuit
2054 2650 2302 2714 Paulus,
2350 2648 2626 2702 homines

338 2720 592 2776 minime
628 2734 863 2770 causam
906 2716 1250 2785 praebuisse
1278 2716 1442 2783 Deo,
1486 2725 1552 2769 ut
1588 2715 1911 2785 participes
1943 2718 2160 2769 fierent
2193 2718 2366 2771 huius
2397 2716 2625 2785 arcani,

386 2807 527 2845 uum
561 2789 736 2842 docet
771 2786 965 2855 ipsum
1004 2794 1219 2854 sponte
1259 2784 1440 2837 fuisse
1483 2785 1598 2837 huc
1636 2785 1984 2852 adductum,
2047 2795 2107 2839 et
2152 2788 2291 2857 quia
2340 2787 2619 2841 voluerit.
2675 2824 2689 2842 x

396 2860 600 2929 ulgare
629 2855 788 2908 enim
815 2865 902 2907 est
934 2855 1088 2922 apud
1115 2852 1391 2919 Paulum,
1427 2851 1543 2906 Dei
1573 2854 2012 2924 beneplacitum
2041 2848 2403 2924 quibuslibet
2428 2856 2619 2908 homi-

335 2945 482 2981 num
510 2925 738 2978 meritis
763 2933 821 2977 et
846 2921 1115 2977 externis
1140 2921 1329 2975 causis
1360 2939 1676 2989 opponere.
1809 2921 1971 2990 Quae
1992 2926 2113 2975 sint
2138 2927 2396 2977 divitiae.
2461 2925 2624 2978 Sem-

337 2996 450 3067 per
482 2992 934 3060 observandum,
973 3009 1144 3071 quam
1175 2991 1597 3061 magniloquus
1625 2991 1705 3044 sit
1732 2989 1796 3042 in'
1828 2993 2157 3045 extollenda
2185 2994 2499 3064 Evangelii
2528 2994 2624 3046 di-

383 3067 589 3118 nitate.
637 3062 859 3115 sciebat
904 3078 1062 3113 emm
1103 3078 1228 3113 eam
1269 3077 1394 3114 esse
1437 3060 1747 3114 hominum
1788 3060 2319 3130 ingratitudinem,
2372 3073 2435 3115 ut
2453 3063 2624 3118 huno

335 3131 826 3193 inaestimabilem
867 3124 1250 3195 thesa'urum,
1303 3140 1364 3181 et
1392 3129 1767 3199 quantumvis
1800 3131 2188 3184 excellentem
2215 3131 2333 3184 Dei
2363 3131 2624 3198 gratiam

337 3219 547 3256 secure
593 3196 980 3251 nihilominus
1021 3208 1443 3260 contemnant,
1494 3208 1596 3250 aut
1635 3206 1798 3250 certe
1834 3198 2223 3268 vilipendant.
2279 3202 2462 3270 ·Ergo
2501 3219 2625 3256 nou

336 3279 650 3325 contentus
683 3267 922 3320 nomine
953 3268 1230 3335 Mysten-ii
1264 3268 1426 3320 addit
1456 3267 1716 3318 Gloriam
1738 3303 1755 3330 ,
1803 3276 1862 3319 et
1902 3285 2032 3322 eam
2070 3268 2304 3336 quidem
2338 3286 2458 3320 non
2497 3271 2625 3322 exi-

337 3354 517 3408 guam
548 3346 650 3389 aut
681 3335 1007 3404 vulgarem.
1088 3328 1341 3387 Divitiae
1375 3336 1538 3386 e‘nim
1566 3335 2017 3407 amplitudinem
2043 3337 2385 3406 significant
2413 3334 2646 3405 Paulo,

335 3419 403 3462 ut
430 3420 638 3458 notum
670 3415 777 3458 est.
859 3401 1223 3455 Nominatim
1256 3403 1621 3455 inGentibus
1652 3404 2001 3472 app'aruisse
2025 3405 2200 3459 docet
2226 3407 2328 3458 has
2357 3407 2626 3463 divitias.

379 3476 481 3528 uid
512 3474 671 3526 enim
699 3471 887 3541 magis
912 3470 1265 3524 admirabile
1293 3489 1467 3542 quam
1502 3472 1801 3538 Gentiles,
1838 3474 1937 3541 qui
1966 3483 2057 3527 tot
2082 3475 2329 3529 saeculis
2359 3476 2624 3531 demersi
2689 3522 2700 3527 -

333 3495 576 3613 ssuerant
613 3545 675 3595 in
712 3550 946 3608 morte,
996 3550 1062 3592 ut
1102 3540 1716 3607 viderentur-penitus
1752 3542 2083 3611 desperati,
2130 3551 2375 3613 repente
2401 3563 2622 3599 accen·

266 3660 281 3678 ,
334 3611 455 3669 seri
481 3613 594 3665 Dei
630 3610 816 3676 filiis,
866 3619 928 3662 et
963 3608 1351 3662 hereditatem
1386 3608 1590 3661 salutis
1629 3608 1942 3678 accipere?
2095 3611 2210 3695 Qui
2239 3628 2323 3665 est
2352 3614 2622 3666 Christus

334 3683 402 3751 s’n
438 3680 619 3736 vobis.
659 3694 669 3709 *
704 3678 875 3749 Quod
916 3678 988 3731 de
1017 3678 1313 3731 Gentibus
1355 3679 1587 3731 dixerat
1624 3677 1687 3730 in
1728 3692 1983 3747 genere,
2031 3682 2444 3735 accommodat
2469 3681 2622 3753 ipsis

334 3747 824 3813 Colossensibus,
873 3756 940 3799 ut
978 3746 1279 3801 efficacius
1315 3748 1379 3799 in
1422 3763 1485 3798 se
1522 3757 1886 3817 agnoscant,
1935 3759 2005 3810 et,
2025 3751 2250 3804 maiore
2281 3752 2623 3817 reverentia.
2665 3786 2672 3791 ,

337 3817 761 3871 exosculentur
783 3814 896 3867 Dei
927 3815 1203 3887 gratiam.
1272 3815 1439 3869 Dicit
1466 3832 1643 3885 ergo:
1686 3814 1801 3883 Qui
1827 3831 1911 3868 est
1942 3818 2239 3886 Christus,
2275 3837 2391 3888 quo
2423 3819 2621 3889 signi,

333 3887 480 3941 sicat
508 3895 704 3938 totum
729 3884 878 3937 illud
904 3902 1189 3939 arcanum
1220 3883 1286 3937 in
1313 3884 1555 3937 Christo
1586 3885 1921 3948 contineri,
1962 3896 2025 3939 et
2053 3882 2258 3941 omnes
2288 3886 2622 3953 sapientiae

331 3955 604 4010 coelestis
646 3952 881 4007 divitias
919 3952 1212 4020 obtineri,
1244 3958 1450 4025 ‘quum
1481 3953 1741 4007 habetur
1770 3956 2073 4024 Christus,
2125 3959 2622 4025 qupmadmodum

336 4023 601 4093 apertius
644 4023 816 4093 paulo
856 4032 991 4091 post
1029 4032 1266 4075 asseret.
1353 4023 1529 4083 Addit
1567 4025 1637 4077 In
1679 4024 1874 4077 vobis:
1928 4024 2070 4095 quia
2104 4043 2263 4078 nunc
2307 4026 2621 4082 Christum

332 4091 674 4163 possident,
730 4109 763 4144 a
803 4107 922 4161 quo
960 4107 1152 4159 nuper
1191 4101 1365 4144 erant
1397 4099 1520 4143 tam
1548 4091 1726 4145 alieni
1757 4101 1826 4151 ut
1851 4093 2008 4147 nihil
2032 4111 2230 4162 supra.
2301 4095 2619 4150 Postremo

333 4160 638 4215 Christum
672 4170 850 4212 vocat
891 4160 1054 4228 Spem
1090 4161 1355 4226 gloriae:
1407 4170 1477 4213 ut
1513 4160 1705 4213 sciant
1737 4162 1890 4216 nibil
1922 4160 1991 4216 ad
2028 4162 2263 4231 plenam
2293 4164 2621 4218 beatitudi-

333 4246 472 4283 nem
501 4229 608 4281 sibi
634 4230 865 4294 deesse,
901 4238 1220 4299 postquam
1248 4228 1552 4283 Christum
1579 4230 1965 4300 adeptivsunt.
2036 4232 2397 4286 Hoclautem
2429 4234 2620 4287 admi-

220 4326 237 4333 *
332 4296 535 4352 rabile'
559 4295 672 4350 Dei
707 4313 852 4374 opus
891 4305 1012 4378 est,
1060 4298 1218 4371 quod
1249 4297 1311 4353 in
1339 4295 1592 4356 vasculis
1620 4301 1896 4358 testaceis
1928 4310 1991 4356 et
2015 4301 2328 4372 fragilibus
2357 4304 2621 4367 resideat

335 4384 466 4440 spes
492 4367 764 4424 coelestis
787 4366 1037 4439 glonna.
1182 4434 1192 4439 -
1744 4401 1756 4415 ·
2497 4372 2500 4377 “

932 4590 957 4608 ὃ
