2820 4895
287 276 294 279 -
364 257 493 325 354
537 209 564 311 ss
681 290 688 295 -
855 308 861 314 .
918 256 1029 321 ιΝ
1097 200 1721 321 ΕΡιετοὶΑΒ
1787 252 2118 325 mmm

368 427 572 493 debet,
610 437 757 496 quaa
787 432 952 478 recta
981 434 1148 491 sunt,
1183 425 1361 493 idque
1391 438 1462 474 ex
1490 423 1623 477 aliis
1652 423 1938 478 similibus
1972 424 2154 493 locis,
2193 423 2296 477 ubi
2321 423 2675 479 nominatim

369 498 604 553 additur
631 495 896 563 exceptio
914 532 931 561 ,
967 513 1042 547 ne
1068 495 1205 564 quid
1234 495 1346 561 nisi
1376 495 1700 548 secundum
1726 497 1936 553 Deum.
2011 497 2340 549 Observare
2368 504 2571 548 autem
2608 495 2679 547 li-

372 580 497 633 cet,
534 566 846 635 praecipue
872 564 970 617 hic
997 566 1334 633 Apostorum
1360 565 1669 631 insistere,
1708 574 1809 631 nt,
1851 566 1950 634 qui
1978 567 2086 619 sub
2128 565 2378 618 aliorum
2419 574 2680 633 potesta-

374 650 435 690 te
463 646 631 703 sunt,
669 636 943 704 morigeri
971 639 1090 687 sint
1116 653 1186 688 ac
1213 638 1624 704 obsequentes,
1671 636 1833 703 quod
1871 652 1990 688 non
2031 638 2132 689 abs
2173 653 2237 687 re
2271 636 2443 689 facit.
2516 635 2680 701 Nihil

379 713 538 761 enim
567 707 824 758 humano
852 705 1090 775 ingenio
1117 709 1300 776 magis
1326 707 1637 783 adversum
1664 708 2048 775 subiectione,
2088 716 2148 759 et
2168 707 2685 776 periculumerat,

378 796 453 831 ne
482 776 778 846 Evangelii
809 784 1113 844 praetextu
1152 778 1337 845 magis
1375 776 1692 845 praefracti
1732 776 2150 842 redderentur,
2187 779 2325 845 quia
2364 776 2681 845 indignum

378 846 684 918 putare‘nt‚
724 864 784 897 se
811 847 1109 898 subiacere
1137 848 1454 915 impiorum
1481 846 1751 915 imperio.
1824 847 1955 916 Quo
1982 849 2111 921 plus
2139 846 2316 900 studii
2343 856 2403 899 et
2433 847 2681 915 diligen-

379 919 494 972 tiae
533 916 921 969 adhibendum
965 917 1079 968 fuit
1103 918 1435 969 Pas-toribus
1476 918 1550 968 ad
1592 920 2025 969 contumaciam
2067 917 2221 968 banc
2263 918 2354 969 vel
2392 917 2682 987 frangen-

382 988 548 1054 dam,
589 989 677 1039 vel
702 988 1150 1054 reprimendam.
1225 989 1538 1039 Caeterum
1578 987 1691 1037 duo
1728 989 1963 1045 servilia
1990 988 2131 1038 vitia
2159 986 2525 1055 perstringitt
2565 997 2680 1040 ter-

381 1057 708 1129 giversandi
734 1058 1087 1126 proterviam
1107 1095 1121 1122 ,
1164 1062 1223 1106 et
1254 1057 1488 1109 furandi
1515 1057 1865 1126 cupidinem.
1918 1057 2152 1110 ‘Plenae
2188 1066 2321 1108 sunt
2345 1059 2680 1111 comoediae

379 1118 657 1200 exemplis
697 1129 939 1182 nimium
982 1134 1285 1197 promptae
1327 1128 1688 1192 dicacitatis,
1757 1144 1871 1196 qua
1915 1131 2061 1179 servi
2107 1128 2373 1181 dominos
2413 1128 2681 1183 ehtdunt.

381 1199 505 1251 Nec
531 1200 661 1252 sine
684 1199 1056 1252 causaffacta
1092 1205 1178 1247 est
1219 1197 1357 1249 olim
1403 1198 1703 1255 nominum
1738 1200 2125 1267 permutatio,
2163 1206 2230 1249 ut
2267 1212 2473 1250 servos
2506 1215 2681 1251 voca-

369 1328 376 1335 „
414 1277 512 1321 ent
541 1269 721 1323 fures.
789 1271 881 1322 Ita
915 1267 1348 1341 praecpptaoad
1387 1267 1749 1336 singulorum
1787 1284 1979 1320 mores
2020 1268 2506 1337 accommodare,
2546 1287 2679 1338 pru·

423 1340 613 1392 entiae
638 1347 745 1392 est.
859 1338 1053 1390 Fidem
1081 1352 1184 1406 pro
1211 1336 1495 1393 fidelitate
1526 1338 1719 1407 posuit
1760 1355 1898 1407 erga
1941 1338 2226 1390 dominos.
2313 1340 2471 1407 Ergo
2492 1341 2682 1407 fidem

299 1462 304 1467 ,
383 1428 603 1462 omnem
633 1408 929 1460 ostendere
969 1416 1053 1458 est
1093 1409 1305 1460 versari
1346 1407 1604 1461 fideliter
1641 1407 1856 1478 absque
1894 1408 2100 1461 fraude
2146 1408 2236 1460 vel
2269 1425 2425 1461 noxa
2460 1409 2527 1460 in
2565 1412 2684 1461 tra-

386 1478 616 1532 ctandis
652 1474 877 1529 domini
907 1478 1097 1531 rebus.
1488 1504 1491 1509 >
2317 1477 2331 1499 “

521 1580 605 1631 10.
689 1580 761 1630 Ut
793 1579 1135 1630 doctrinam.
1208 1579 1539 1633 Acer-rimus
1567 1575 1666 1629 hic
1694 1577 2117 1631 exhortationis
2148 1574 2378 1629 aculeus
2410 1593 2539 1629 esse
2572 1594 2681 1628 no-

381 1648 470 1700 bis
501 1646 672 1699 debe't
694 1685 709 1713 ,
750 1650 927 1715 quum
965 1647 1228 1699 audimus
1260 1647 1518 1702 honestis
1545 1649 1755 1700 nostris
1789 1649 2045 1703 moribus
2087 1649 2284 1708 ornari
2314 1649 2423 1700 Dei
2464 1648 2680 1699 doctri-

379 1736 547 1784 nam,
591 1733 739 1786 quae
765 1727 962 1768 tamen
990 1717 1284 1786 speculum
1328 1731 1421 1773 est
1451 1721 1670 1788 gloriae
1712 1719 1851 1772 eius.
1902 1721 2001 1771 -Et
2038 1730 2197 1771 certe
2242 1720 2303 1771 id
2339 1734 2446 1771 usu
2483 1720 2685 1770 venire

381 1788 761 1840 communiter
789 1787 1075 1853 videmus,
1112 1787 1283 1839 sicuti
1303 1806 1540 1857 =rursum
1580 1789 1872 1857 flagitiosa
1915 1789 2032 1840 vita
2068 1800 2268 1841 nostra
2304 1789 2468 1840 illam
2505 1789 2679 1840 dede-

382 1875 519 1910 core
548 1857 745 1908 afficit.
821 1855 981 1909 Solet
1009 1857 1162 1909 enim
1207 1874 1274 1908 ex
1308 1861 1582 1930 operibus
1624 1861 1837 1912 nostris
1884 1860 2200 1911 aestimari.
2273 1860 2489 1910 Verum
2534 1859 2679 1910 haec

382 1945 611 1999 quoque
642 1927 1080 1979 circumstantia
1121 1930 1379 1982 notanda
1425 1940 1542 1998 est,
1586 1931 1741 1998 quod
1783 1939 2194 2003 ornamentum
2219 1930 2378 1982 Deus
2417 1945 2452 1980 a
2496 1930 2680 1980 servis

323 2007 340 2014 ‘
381 2001 648 2067 accipere
674 1997 979 2066 dignatur,
1020 2014 1262 2068 quorum
1290 2008 1406 2053 tam
1448 2001 1571 2053 vilis
1612 2010 1669 2050 et
1711 2000 1940 2061 abiecta
1981 2009 2108 2051 erat
2147 2000 2447 2064 conditi0,
2482 2008 2552 2050 ut
2594 2000 2678 2051 vi‘x

383 2070 610 2122 censeri
637 2067 804 2120 soliti¹
823 2068 939 2119 ‘sint
964 2068 1118 2121 inter
1141 2067 1427 2124 homines.
1502 2071 1708 2141 Neque
1728 2072 1881 2123 enim
1907 2071 2162 2122 famulos
2188 2070 2496 2138 intelligit,
2543 2086 2675 2140 qua-

377 2141 464 2192 les
492 2138 665 2191 hodie
694 2139 756 2190 in
786 2154 892 2191 usu
921 2148 1088 2205 sunt,
1133 2139 1232 2207 sed
1260 2140 1553 2211 mancipia
1572 2179 1589 2206 ,
1627 2158 1774 2208 quae
1807 2142 2003 2210 pretio,
2029 2148 2224 2209 empta
2254 2150 2544 2209 tanquam
2573 2142 2673 2192 bo-

377 2227 475 2262 ves
524 2221 624 2261 aut
675 2209 810 2279 equi
861 2209 1326 2277 possidebantur.
1428 2211 1600 2283 Quod
1636 2212 1685 2262 si
1732 2227 1934 2264 eorum
1962 2208 2089 2263 ‘vita
2132 2220 2554 2263 ornamentum
2598 2219 2678 2263 est

382 2278 701 2334 Christiani
735 2279 988 2331 nominis
1009 2319 1024 2347 ,
1069 2280 1251 2330 multo
1278 2282 1461 2352 magis
1489 2281 1748 2349 videant,
1791 2282 1888 2352 qui
1919 2280 1979 2334 in
2022 2281 2246 2334 honore
2280 2290 2452 2350 sunt,
2490 2299 2569 2334 ne
2609 2281 2675 2333 il·

376 2351 477 2411 lud
504 2349 866 2429 turpitudine
898 2367 1003 2403 sua
1027 2351 1338 2404 maculent.
1542 2356 1551 2367 “

369 2597 373 2602 ,
549 2529 650 2589 11.
695 2523 1029 2609 Apparuit
1074 2526 1255 2608 enim
1298 2522 1511 2606 gratia
1553 2520 1679 2585 Dei
1724 2519 2037 2585 salutaris
2082 2511 2395 2605 omnibus
2424 2521 2673 2586 *homi-

373 2610 618 2685 nibus‚
711 2614 809 2671 12.
861 2608 1436 2681 Instituensnos,
1479 2616 1555 2667 ut
1601 2607 1925 2689 abnegat-a
1968 2611 2313 2694 impietate
2359 2619 2430 2671 et
2473 2629 2676 2670 mun·
2760 2599 2775 2612 ⁸

377 2693 569 2764 danis
619 2691 1099 2778 cupiditatibus
1147 2701 1606 2776 temperanter
1652 2700 1720 2753 et
1757 2695 1934 2755 iuste
1983 2704 2053 2755 et
2099 2694 2210 2778 pie
2258 2694 2566 2757 vivamus
2606 2696 2695 2754 in·

375 2777 509 2843 hoc
555 2775 865 2854 saecu10‚
959 2781 1052 2840 13:
1097 2775 1589 2861 Exspectantes
1640 2775 1895 2839 beatam
1934 2796 2125 2862 spem
2173 2790 2238 2842 et
2288 2780 2674 2862 apparitio-

372 2875 526 2934 nem
590 2860 847 2950 gloriae
900 2864 1123 2945 magni
1182 2860 1307 2924 Dei
1362 2871 1430 2923 et
1485 2859 1865 2925 Servatoris
1918 2866 2138 2926 nostri
2179 2861 2334 2925 Iesu
2377 2860 2673 2932 Christi,

381 2952 483 3012 14.
531 2946 670 3030 Qui
697 2946 886 3011 dedit
917 2966 987 3010 se
1015 2951 1240 3028 ipsum
1272 2964 1403 3033 pro
1436 2945 1656 3021 nobis,
1702 2958 1776 3008 ut
1808 2945 2175 3010 redimeret
2202 2966 2330 3009 nos
2360 2947 2446 3007 ab
2483 2949 2674 3008 omni

279 3057 302 3086 <
371 3035 769 3116 iniquitate,
813 3043 878 3095 et
909 3028 1300 3118 purificaret
1328 3031 1458 3093 sibi
1540 3027 2257 3116 opulurnpeculiarem
2290 3031 2674 3096 studiosum

371 3118 710 3181 bonorum
740 3136 1041 3203 operum.
1135 3115 1232 3179 15.
1281 3115 1464 3178 Haec
1487 3049 1792 3196 foqnere,
1839 3126 1905 3178 et
1935 3114 2318 3194 exhortare,
2364 3124 2435 3179 et
2463 3134 2675 3201 argue

373 3224 528 3266 cum
562 3204 756 3265 omni
780 3204 1201 3263 auctoritate.
1294 3198 1517 3263 Nemo
1542 3212 1611 3268 te
1646 3207 2051 3264 contemnat.
2662 3214 2668 3218 ⁴

511 3331 594 3404 '11.
664 3350 945 3418 Apparuit
974 3353 1126 3402 enim
1150 3357 1261 3402 etc.
1330 3343 1522 3422 Axiine
1548 3348 1960 3414 redemptionis
1991 3327 2674 3419 argumentatursquem

349 3419 543 3473 ¹docet
571 3436 693 3471 esse
718 3419 974 3471 studium
1006 3422 1099 3488 pie
1128 3430 1185 3471 et
1226 3428 1386 3470 recte
1430 3419 1677 3469 vivendi.
1753 3420 1917 3470 Unde
1955 3422 2246 3489 sequitur,
2286 3419 2426 3471 boni
2467 3419 2673 3471 docto-

272 3533 274 3535 .
368 3490 743 3543 ris-‘officium
769 3506 922 3555 esse,
968 3491 1162 3558 potius
1195 3488 1418 3540 hortari
1449 3488 1522 3538 ad
1544 3497 1810 3542 sanctam
1852 3488 2062 3558 vitam,
2099 3507 2275 3559 quam
2303 3490 2465 3541 vanis
2495 3505 2673 3558 quae-

369 3562 653 3622 stionibus
683 3575 971 3627 occupare
998 3559 1303 3613 hominum
1334 3566 1582 3624 menteS.
1655 3559 1927 3611 Redemit
1958 3575 2084 3626 nos,
2118 3560 2334 3630 (inquit
2353 3559 2674 3624 Zacharias

371 3633 433 3683 in
461 3649 562 3683 suo
597 3632 832 3684 cantico
861 3631 1001 3684 Luc.
1037 3633 1086 3697 1,
1114 3631 1227 3695 74.)
1258 3638 1322 3680 ut
1360 3630 1423 3680 in
1453 3628 1761 3684 sanctitate
1793 3639 1851 3680 et
1871 3631 2205 3682 innocentia
2231 3630 2554 3684 serviamus
2586 3629 2677 3681 illi

372 3703 639 3760 om‘nibus
675 3701 874 3753 diebus
909 3701 1061 3764 vitae
1089 3710 1342 3751 nostrae.
1413 3700 1688 3766 Eiusdem
1721 3702 1957 3752 rationis
1992 3709 2112 3766 est,
2154 3697 2311 3770 quqd
2351 3699 2495 3752 dicit
2519 3702 2675 3751 Pau·

369 3772 493 3823 lus:
569 3771 775 3824 Gratia
792 3769 902 3824 Dei
935 3771 1238 3840 apparuit,
1279 3784 1385 3819 nos
1415 3769 1698 3822 erudiens.
1770 3769 2072 3837 Significat
2100 3772 2292 3837 enim,
2320 3771 2459 3834 vice
2490 3770 2669 3821 insti-

371 3841 611 3892 tutionis
638 3857 760 3892 esse
786 3840 953 3904 nobis
992 3842 1202 3893 debere
1236 3839 1310 3891 ad
1343 3837 1525 3894 vitam
1569 3848 1729 3891 recte
1762 3834 2154 3893 formandam.
2226 3840 2532 3908 Arripiunt
2575 3839 2677 3892 alii

369 3911 436 3965 in
464 3911 828 3978 occasionem
853 3909 1161 3979 licentiae,
1202 3910 1356 3980 quod
1383 3909 1453 3960 de
1490 3909 1889 3963 misericordia
1921 3911 2029 3965 Dei
2067 3910 2477 3979 praedicatum
2527 3910 2675 3963 alios

369 3979 621 4047 impedit
647 3981 909 4033 socordia
928 4019 944 4047 ,
982 4000 1057 4033 ne
1088 3982 1159 4033 de
1189 3980 1346 4032 vitae
1375 3981 1632 4033 novitate
1672 3980 1942 4049 cogitent.
2018 3983 2093 4032 At
2128 3997 2262 4033 vero
2289 3982 2405 4034 Dei
2443 3982 2673 4049 gratiae

373 4050 772 4102 manifestatio
806 4051 1238 4104 exhortationes
1271 4050 1345 4101 ad
1374 4050 1472 4116 pie
1512 4052 1818 4103 vivendum
1859 4051 2182 4102 necessario
2229 4067 2429 4110 secum
2470 4050 2673 4105 trahit.

373 4117 668 4173 Salutaris
718 4122 1016 4174 omnibus„
1077 4111 1444 4188 Nominatim
1490 4119 1776 4172 ¹universis
1833 4136 2200 4188 communem
2252 4133 2376 4173 esse
2419 4130 2674 4181 testatur

369 4194 607 4255 propter
630 4204 855 4255 servos,
894 4189 965 4241 de
989 4192 1195 4259 quibus
1236 4191 1510 4272 loquutus
1553 4199 1695 4242 erat.
1772 4193 2002 4243 Interea
2029 4207 2147 4242 non
2175 4191 2447 4260 intelligit
2468 4196 2672 4261 singu-

370 4257 457 4308 los
488 4257 785 4325 homines,
819 4259 918 4309 sed
946 4261 1178 4312 ordines
1205 4270 1394 4326 potius
1423 4268 1620 4327 notat,
1664 4261 1763 4311 aut
1793 4258 2216 4324 diversajvita'e
2250 4279 2489 4330 genera.
2564 4269 2670 4315 At-

371 4327 481 4396 qu‘e
509 4328 626 4380 hoc
654 4345 773 4381 non
799 4345 1037 4395 parvam
1063 4330 1360 4400 emphasin
1388 4330 1597 4397 habet,
1634 4331 1785 4399 quod
1817 4332 1923 4384 Dei
1961 4332 2152 4398 gratia
2196 4333 2271 4384 ad
2314 4333 2533 4387 servile
2573 4351 2671 4386 us·

329 4443 334 4446 .
370 4414 481 4467 que
505 4415 689 4468 genus
717 4417 777 4452 se
806 4399 1117 4454 demiserit.
1193 4402 1344 4454 Nam
1381 4418 1561 4470 quum
1586 4404 1743 4455 Deus
1785 4419 1863 4453 ne·
1900 4402 2132 4482 infimos
2178 4403 2417 4486 guidem
2460 4413 2520 4456 et
2563 4421 2669 4475 po—

1966 4609 2003 4621 κ

1718 4628 1743 4639 ο·
