2820 4895
431 258 561 327 374

427 379 790 514 epistola,
868 443 1056 513 quae
1114 421 1210 493 ad
1251 396 1653 501 ⁴Hebraeos
1710 416 2170 512 inscribitur,
2257 422 2563 493 uberem
2629 422 2710 492 de

437 535 738 595 aeterna
764 520 1040 593 Christi
1071 524 1456 598 divinitate
1488 544 1927 616 summoque
1948 529 2371 619 magisterio
2405 536 2478 617 et
2505 527 2711 623 unico
2784 544 2785 557 ¹

437 625 849 696 sacerdotio
882 625 1451 719 disputationem
1482 628 1852 698 contineat
1882 628 2103 722 (quae
2128 631 2534 720 praecipua
2560 639 2714 699 sunt

2782 574 2785 691 Ἰ

437 726 780 800 coelestis
804 730 1208 820 sapientiae
1240 723 1517 820 capita)
1555 739 1628 798 et
1659 729 1738 797 in
1765 727 1878 798 his
1909 729 2362 822 explicandis
2399 730 2509 795 sic
2544 752 2710 798 ver·
2784 728 2785 741 ¹

393 852 396 855 ·
425 841 678 925 setur,
742 842 827 901 ut
872 839 1108 902 totam
1159 828 1436 900 Christi
1480 831 1827 900 virtutem
1874 852 1959 898 ac
2006 828 2331 900 officium
2368 829 2593 901 nobis
2630 830 2711 898 ad

433 931 689 1003 vivum
726 935 1123 1023 exprimat:
1194 932 1463 1001 merito
1495 931 2107 1023 incomparabilis
2122 931 2448 1011 thesauri
2478 931 2713 1000 locum

433 1043 678 1124 atque
703 1031 1064 1103 honorem
1123 1034 1201 1101 in
1247 1031 1587 1101 Ecclesia
1642 1032 1976 1103 obtinere
2023 1034 2265 1104 debet.
2377 1032 2606 1150 Apud
2648 1044 2713 1102 te

430 1156 654 1224 vero,
721 1138 848 1227 qui
884 1134 1184 1205 Filium
1189 1134 1340 1205 Dei
1372 1157 1682 1226 regnare
1716 1145 1945 1225 atque
1969 1138 2292 1204 eminere
2328 1138 2548 1203 unice
2590 1156 2713 1202 cu·-

2780 976 2785 1249 Ι

426 1236 582 1327 pis,
648 1238 824 1325 quin
860 1259 1070 1305 suum
1106 1237 1431 1329 pretium
1466 1233 1806 1306 habitura
1836 1238 1932 1307 sit
1958 1259 2105 1304 non
2138 1218 2419 1305 dubito.
2540 1236 2713 1305 Eius
2784 1280 2785 1329 ;

428 1358 568 1454 ego
597 1335 1203 1427 interpretatione
1236 1348 1575 1429 suscepta
1607 1361 1754 1405 non
1790 1338 1956 1406 dico
1976 1387 1998 1427 ,
2041 1337 2219 1429 quid
2249 1336 2714 1436 profecerim,
2784 1336 2785 1355 *

424 1438 573 1507 nisi
619 1438 815 1529 quod
860 1437 1079 1507 fidem
1124 1437 1380 1509 saltem
1429 1461 1514 1507 ac
1561 1438 2049 1530 diligentiam,
2102 1440 2231 1508 ubi
2262 1449 2554 1531 gustum
2594 1462 2714 1507 ce-

425 1541 668 1632 periS,
734 1540 870 1609 tibi
903 1533 1290 1633 probatum
1328 1541 1425 1609 iri
1457 1553 1661 1610 certo
1698 1541 2009 1610 confido,
2126 1538 2373 1632 Atque
2416 1553 2499 1612 ut
2540 1539 2713 1610 mihi

430 1663 671 1732 neque
720 1641 1040 1734 ingenii,
1104 1656 1345 1734 neque
1399 1640 1833 1713 eruditionis
1877 1640 2167 1711 laudem
2218 1663 2525 1733 arrogo,
2601 1644 2713 1730 ita,

425 1743 608 1835 quid
638 1741 816 1810 mihi
853 1746 930 1812 in
963 1742 1343 1835 Scriptura
1384 1743 1869 1837 intelligenda
1892 1764 1932 1812 a
1963 1742 2288 1827 Domino
2322 1743 2597 1814 datum
2588 1744 2715 1839 sit,

427 1842 749 1939 (quando
776 1836 922 1921 hoc
953 1868 1099 1913 non
1131 1855 1252 1915 est
1274 1847 1417 1941 nisi
1448 1847 1527 1912 in
1556 1860 1644 1913 eo
1677 1841 2007 1938 gloriari)
2056 1845 2185 1914 ubi
2231 1868 2352 1914 res
2400 1846 2510 1913 ita
2550 1842 2712 1935 fert,

301 2012 306 2021 ,
344 2022 364 2038 j
422 1947 759 2038 profiteri
807 1969 952 2015 non
1003 1946 1255 2049 pudet.
1363 1946 1443 2016 Si
1476 1969 1618 2039 qua
1648 1958 1890 2031 autem
1922 1948 2012 2016 ad
2044 1944 2443 2019 iuvandam
2476 1944 2667 2016 hac
2647 1969 2711 2016 ιιι

421 2063 634 2142 parte
671 2048 818 2117 Dei
852 2038 1260 2119 Ecclesiam
1307 2048 1386 2117 in
1429 2070 1548 2117 me
1593 2061 1704 2127 est
1747 2048 2095 2137 facultaS,
2159 2051 2317 2118 eius
2345 2050 2711 2143 specimen

421 2173 571 2245 ιιοιι
635 2150 1025 2220 obscurum
1083 2152 1160 2223 in
1220 2149 1361 2220 h'ac
1412 2173 1577 2220 mea
1619 2149 2136 2223 lucubratione
2180 2151 2406 2221 edere
2451 2150 2711 2220 studui.

331 2314 338 2325 Α
425 2251 679 2340 Quare
710 2270 972 2323 munus
1007 2246 1117 2349 (ut
1148 2234 1332 2347 dixi)
1364 2248 1529 2322 fore
1557 2246 1797 2346 spero,
1847 2253 2043 2346 quod
2075 2251 2256 2321 mihi
2291 2249 2493 2345 apud
2522 2264 2714 2324 tuam

419 2353 962 2444 Maiestatem,
986 2379 1031 2424 o
1068 2354 1286 2444 Rex,
1329 2360 1481 2423 non
1513 2367 1798 2426 tanturn
1835 2356 1924 2423 ad
1960 2355 2516 2426 excusationem
2552 2356 2717 2426 satis

401 2458 706 2556 valeat,
761 2458 887 2534 sed
926 2459 1207 2576 gratiae
1242 2479 1539 2551 quoque
1565 2481 1714 2527 non
1749 2482 2009 2561 parum
2022 2453 2413 2538 conciliet.
2526 2458 2717 2528 For-

375 2585 573 2659 asan
584 2571 674 2679 et·
677 2555 1061 2664 Maiestati
1079 2570 1305 2654 tuae,
1365 2558 1463 2627 ad
1505 2555 2055 2632 instaurandum
2088 2558 2366 2631 Christi
2409 2567 2722 2679 regnum

395 2715 404 2722 ,.
419 2660 674 2732 ultro
650 2686 798 2732 iam
819 2655 1298 2758 properanti,
1365 2670 1469 2731 et
1450 2655 1851 2756 plurimis,
1911 2664 2038 2756 qui
2073 2663 2207 2732 sub
2237 2671 2372 2736 tuo
2402 2662 2719 2782 imperio

379 2753 738 2872 degunt,
803 2763 897 2834 ad
948 2761 1133 2868 illud
1178 2763 1728 2856 suscipiendum
1768 2762 1911 2834 hoc
1955 2779 2232 2834 novum
2272 2764 2488 2857 quasi
2520 2766 2723 2836 invi·-

420 2867 825 2937 tamentum
858 2867 1024 2937 erit.
1148 2863 1492 2960 Regnum
1528 2863 1757 2937 habes
1766 2863 2113 2959 amplum
2149 2876 2371 2959 atque
2402 2862 2726 2954 illustre,

415 2966 813 3060 multisque
872 2969 1320 3039 ornamentis
1374 2966 1777 3039 refertum·
1752 3017 1777 3059 ‚
1858 2965 1990 3039 sed
2041 2966 2229 3039 haec
2276 2957 2523 3037 solida
2569 2969 2727 3037 ‘eius
2782 3011 2783 3016 =

417 3069 717 3139 demum
757 3071 898 3144 erit
925 3065 1282 3159 felicitas,
1345 3069 1413 3139 si
1450 3063 1825 3140 Christum
1861 3065 2057 3160 sibi,
2104 3082 2188 3142 ut
2221 3057 2381 3140 eius
2414 3067 2570 3139 fide
2604 3080 2731 3142 tu·

362 3170 709 3268 „telaque
755 3173 1210 3274 muniatur,
1229 3167 1648 3268 praesidem
1700 3192 2225 3264 summumque
2261 3171 2728 3265 gubernato-

413 3275 578 3344 rein
608 3271 933 3374 adoptet.
1037 3263 1231 3344 Nam
1262 3271 1385 3341 hic
1420 3285 1556 3364 est,
1606 3274 1728 3343 cui
1761 3284 2153 3378 sceptrum
2162 3285 2371 3344 tuum
2400 3271 2728 3344 submit-

390 3388 619 3465 tere,
687 3376 875 3446 adeo
922 3376 1103 3466 ista,
1169 3376 1262 3443 111
1292 3395 1437 3468 qua
1484 3371 1884 3446 collocatus
1931 3395 2049 3464 es,
2100 3373 2543 3446 celsitudine
2582 3394 2728 3442 non

344 3495 348 3498 ’
417 3492 532 3550 est
567 3477 927 3566 alienum,
977 3486 1062 3552 ut
1088 3473 1307 3578 longe
1337 3471 1678 3572 omnibus
1712 3475 1967 3545 mundi
1995 3474 2389 3591 triumphis
2421 3479 2525 3566 sit
2558 3475 2727 3569 glo-

411 3577 980 3660 riosius.Na1'n
1009 3599 1239 3672 quum
1269 3567 1464 3649 inter
1489 3576 1824 3647 homines
1855 3577 2160 3674 propria
2192 3580 2439 3671 magni
2475 3590 2557 3648 et
2588 3599 2729 3646 ex-
2780 3591 2781 3606 ¹

415 3679 601 3751 celsi
658 3683 887 3759 animi
943 3683 1182 3756 virtus
1238 3691 1623 3760 censeatur
1670 3678 2073 3774 gratitudo·
2159 3681 2335 3772 quid
2383 3678 2726 3773 Regibus

408 3782 646 3874 magis
678 3798 870 3855 esset
896 3780 1376 3853 indecorum
1347 3832 1368 3870 ‚
1416 3805 1633 3873 quam
1664 3785 1726 3850 si
1759 3781 2114 3856 adversus
2139 3781 2288 3852 Dei
2317 3782 2643 3870 Filium,
2689 3802 2731 3849 a

293 3891 302 3902 “
413 3908 560 3976 quo
593 3885 667 3952 in
701 3909 1066 3956 summum
1097 3883 1403 3953 honoris
1440 3881 1815 3976 fastigium
1850 3883 2092 3955 evecti
2123 3873 2326 3972 sunt,
2391 3885 2730 3976 ingratos

409 4010 491 4056 se
526 3984 1027 4077 praeberent?
1135 3983 1458 4055 Proinde
1504 4008 1652 4055 non
1697 3989 2016 4078 ingenua
2063 3985 2323 4074 modo,
2391 3989 2534 4055 sed
2565 3984 2731 4080 plus

408 4099 634 4188 quam
680 4091 890 4182 regia
935 4089 1251 4159 servitus
1295 4086 1480 4157 haec
1534 4099 1681 4174 est,
1746 4111 1933 4178 quae
1977 4110 2112 4155 nos
2155 4090 2233 4156 111
2256 4085 2731 4179 Angelorum

324 4199 329 4204 ’
409 4189 752 4260 ordinem
789 4189 1100 4275 attollit,
1154 4190 1327 4259 dum
1355 4194 1552 4280 inter
1579 4211 1716 4258 nos
1751 4190 2059 4281 erigitur
2077 4167 2354 4259 christi
2385 4190 2731 4285 thronus,

400 4303 486 4362 ut
536 4315 686 4361 vox
740 4296 902 4361 cius
956 4285 1293 4365 coelestis
1340 4291 1560 4360 unica
1604 4293 1909 4360 summis
1934 4291 2259 4384 perinde
2310 4314 2400 4360 ac
2448 4291 2733 4361 infimis

399 4393 708 4467 vivendi
745 4397 843 4470 sit
877 4403 949 4494 et
980 4389 1343 4467 moriendi
1378 4392 1655 4490 regula.
1764 4390 1953 4465 Na'm'
1990 4395 2129 4465 etsi
2166 4396 2338 4467 trita
2368 4391 2617 4471 hodie
2656 4415 2731 4463 ac

2778 1560 2786 2029 4
