2820 4895
333 254 416 316 as
546 282 561 313 »
881 249 992 317 m
1057 249 2081 321 ammonae-raum

264 374 274 387 ’
615 458 632 487 .
1259 427 1491 499 oar.
1546 422 1680 499 1v.

350 591 408 675 1¹.
442 551 802 649 'Obsecro
839 586 1068 668 itaque
1107 606 1267 664 yOS,
1328 608 1456 673 ego
1493 590 1759 653 vinctus
1797 588 1870 651 in
1913 566 2245 663 Domino,
2302 597 2379 648 ut
2424 582 2632 668 digne

347 668 703 741 ambuletis
743 675 1130 747 vocatione,
1187 671 1279 736 ad
1316 693 1517 756 quam
1555 674 2016 751 vocatiestis,
2117 675 2179 734 2.
2239 667 2409 734 Cum
2440 670 2634 735 omni

294 824 299 833 ,
346 752 736 821 humilitate
781 768 848 817 et
884 757 1437 832 mansuetudine,
1495 776 1648 819 cum
1676 752 2035 818 tolerantia
2066 751 2472 819 sufferentes
2509 769 2635 818 vos

334 840 641 903 ‘invicem
666 843 735 901 in
766 837 1170 916 dilectione,
1265 846 1325 905 3.
1370 841 1736 905 Studentes
1763 859 2033 905 servare
2065 845 2388 901 unitatem
2415 840 2640 923 spiri-

348 930 496 996 tus·‚
551 926 618 984 in
662 922 932 988 vinculo
974 928 1183 1009 pacis.
1296 927 1358 990 4.
1413 925 1649 1001 Unum
1695 943 1947 1007 corpus
1993 936 2061 986 et
2098 939 2272 989 unus
2318 926 2638 1005 spiritus:

350 1006 920 1086 quemadmodum
977 1008 1196 1066 vocati
1254 1012 1418 1066 estis
1469 1008 1544 1064 ‘in
1602 1020 1733 1064 una
1778 1018 1899 1088 spe
1936 1006 2304 1069 vocationis
2341 1018 2642 1074 *vestr-ae.

350 1090 413 1155 6.
482 1084 674 1151 Unus
712 1084 1087 1160 Dominus,
1156 1105 1289 1148 una
1330 1086 1532 1162 fides,
1597 1107 1808 1149 unum
1851 1086 2196 1170 baptisma.
2307 1089 2366 1149 6.
2443 1084 2641 1150 Unus

351 1171 536 1253 Deus
582 1183 647 1231 et
682 1167 881 1232 Pater
922 1173 1264 1247 omnium,
1315 1174 1434 1256 qui
1472 1181 1576 1235 est
1614 1190 1822 1255 super
1860 1174 2121 1247 omnia,
2166 1181 2232 1232 et
2258 1189 2381 1257 per
2412 1170 2644 1232 omnia

350 1251 485 1342 (vel
510 1266 701 1338 sup‘er
732 1276 936 1316 omnes
964 1269 1021 1317 et
1045 1279 1163 1339 per
1193 1254 1462 1341 omnes),
1508 1269 1576 1320 et
1601 1257 1668 1317 in
1700 1256 2013 1319 omnibus
2040 1256 2251 1319 vobis.

2294 356 2308 389 ὃ

493 1368 662 1420 Haec
700 1368 822 1421 tria
861 1368 1058 1439 capita
1098 1379 1329 1422 tantum
1367 1370 1687 1422 continent
1732 1370 2190 1438 praeceptiones
2234 1369 2306 1419 de
2355 1366 2641 1423 moribus.

354 1452 427 1489 ao
459 1439 722 1504 primum
754 1437 995 1507 quidem
1027 1455 1125 1490 eos
1156 1439 1433 1491 hortatur
1462 1440 1533 1491 ad
1563 1450 1826 1492 mutuam
1856 1438 2255 1492 concordiam.
2312 1454 2426 1507 qua
2464 1452 2648 1489 occa·

357 1507 520 1559 sione
557 1506 628 1558 de
659 1507 964 1563 Ecclesiae
1004 1506 1298 1575 regimine
1336 1517 1585 1563 tractat:
1642 1508 1923 1577 quoniam
1955 1509 2039 1560 ita
2073 1507 2150 1558 sit
2179 1506 2581 1574 compositum
2607 1522 2646 1560 a

358 1572 624 1631 Domino
644 1611 661 1639 ,
699 1586 763 1627 ut
793 1575 1097 1629 vinculum
1124 1575 1206 1627 sit
1230 1575 1476 1628 unitatis
1507 1578 1666 1629 inter
1692 1593 1801 1629 nos
1829 1577 2174 1629 servandae.

502 1646 548 1696 1.
575 1668 587 1683 ·
619 1643 738 1709 Ego
762 1646 972 1696 vinctus
997 1646 1056 1701 in
1081 1643 1349 1698 Domino.
1423 1650 1470 1698 A
1496 1644 1775 1711 vinculis,
1813 1652 1962 1713 q'uae
1993 1645 2348 1696 videbantur
2373 1659 2509 1693 eum
2543 1640 2647 1693 de·

358 1711 712 1776 opinabilem
742 1712 992 1773 reddere
1014 1749 1032 1778 ‚
1085 1713 1373 1766 maiorem
1415 1720 1509 1780 (ut
1539 1715 1716 1766 etiam
1745 1714 1893 1767 alibi
1926 1712 2109 1765 visum
2141 1718 2253 1775 est)
2286 1711 2403 1762 »silvi
2433 1719 2645 1762 aucto-

358 1781 605 1833 ritatem
634 1782 914 1834 vindicat.
1001 1784 1187 1836 Erant
1212 1783 1376 1835 enim
1398 1784 1584 1847 veluti
1608 1782 1876 1849 sigillum
1904 1781 2263 1834 honorificae
2290 1781 2453 1833 illius
2478 1780 2648 1848 lega·

362 1849 550 1901 tionis
590 1866 765 1919 quam
803 1851 1159 1902 obtinuerat.
1243 1854 1399 1904 Nam
1429 1851 1713 1921 quicquid
1740 1861 1828 1904 est
1857 1850 2119 1915 Christi,
2173 1848 2402 1907 etiamsi
2434 1856 2646 1901 coram

362 1919 586 1970 mundo
616 1921 691 1969 sit
716 1918 1204 1986 ignominiosum,
1241 1934 1474 1973 summo
1506 1938 1645 1973 curn
1673 1921 1904 1987 honore
1937 1917 2384 1989 suscipiendum
2414 1934 2447 1968 a
2474 1917 2651 1970 nobis

365 1997 487 2039 cst:
544 1996 608 2038 ut
647 1988 778 2054 plus
814 1988 1188 2041 reverentiae
1230 1987 1446 2043 habeat
1479 1989 1748 2059 Apostoli
1786 2003 2029 2053 carcer,
2077 2005 2256 2057 quam
2302 2003 2500 2038 omnes
2531 1987 2651 2037 Re·-

270 2078 279 2092 ·
363 2071 506 2123 gum
551 2072 802 2125 pompae
836 2066 901 2121 et
938 2056 1247 2126 triumphi.
1384 2058 1573 2125 Digne
1607 2061 1925 2111 ambuletis.
1999 2056 2310 2111 Generalis
2348 2056 2654 2113 sententia

295 2171 301 2178 .
366 2131 431 2174 at
469 2124 635 2193 quasi
675 2125 965 2194 praefatio
1011 2124 1376 2194 communis,
1430 2143 1498 2179 ex
1529 2145 1643 2196 qua
1669 2137 1870 2180 manat
1897 2124 2175 2195 quicquid
2209 2134 2414 2193 postea
2444 2124 2652 2191 sequi-

364 2202 486 2246 tur.
577 2196 668 2245 De
708 2194 1020 2257 vocatione
1060 2210 1264 2247 eorum
1304 2197 1470 2265 prius
1512 2196 1824 2250 discernite
1861 2211 2041 2249 nunc
2086 2195 2367 2246 admonet
2402 2193 2519 2243 hoc
2553 2209 2653 2244 re-

366 2268 561 2328 stare,
609 2270 678 2313 ut
710 2279 771 2313 se
798 2264 928 2315 Deo
966 2265 1302 2332 morigeros
1345 2266 1705 2332 praebeant,
1745 2281 1822 2316 ne
1849 2264 1968 2316 sint
1999 2273 2156 2315 tanta
2182 2264 2368 2332 gratia
2397 2260 2653 2329 indigni.

369 2331 569 2399 Quum
602 2330 672 2381 ad
697 2333 922 2397 species
949 2332 1289 2397 descendit,
1326 2335 1592 2403 primum
1617 2327 1817 2386 locum
1842 2334 1944 2386 dat
1966 2331 2310 2384 humilitati.
2362 2330 2509 2382 ratio
2542 2339 2657 2395 est,

368 2399 506 2468 quia
538 2400 610 2451 de
636 2400 865 2453 unitate
897 2404 1075 2455 verba
1104 2401 1376 2456 facturus
1415 2411 1563 2455 erat.
1613 2401 1844 2472 primus
1884 2410 2084 2455 autem
2127 2400 2381 2468 gradus,
2405 2418 2406 2423 ¹
2430 2415 2546 2469 quo
2577 2400 2659 2453 ad

369 2483 500 2521 eam
524 2470 891 2538 pervenitur,
929 2479 1019 2522 est‘
1045 2471 1373 2523 humilitas.
1446 2474 1610 2524 Haec
1639 2472 1795 2524 enim
1823 2471 2331 2525 mansuetudinem
2361 2485 2431 2534 ex
2458 2483 2520 2520 se
2549 2475 2659 2535 pa‘·

366 2536 485 2605 rit,
508 2577 511 2580 1
536 2553 686 2608 quae
724 2555 836 2590 nos
879 2540 1091 2591 deinde
1130 2536 1329 2593 reddit
1366 2540 1687 2608 patientes.
1741 2542 1957 2593 fratres
1983 2548 2179 2592 autem
2211 2546 2449 2589 nostros
2479 2537 2662 2604 susti-

369 2607 565 2660 nendo
599 2608 1286 2675 retinemusmnitat'em,
1338 2619 1491 2677 quae
1515 2608 1745 2680 alioqui
1777 2609 2003 2661 centies
2033 2607 2308 2677 quotidie
2338 2608 2663 2672 abrumpo·

282 2687 287 2690 ’
369 2673 557 2728 retur!
641 2675 1090 2729 Meminerimus
1121 2694 1297 2747 ergo,
1347 2676 1715 2746 principium
1747 2678 2030 2731 colendae
2056 2677 2364 2730 fraternae
2397 2678 2663 2729 benevo-

370 2742 596 2796 lentiae
638 2761 764 2796 esse
799 2745 1218 2800 humilitatem.
1273 2748 1428 2799 unde
1458 2751 1617 2800 enim
1642 2748 1972 2816 protervia,
2005 2747 2222 2809 fastus,
2261 2744 2664 2796 contumeliae

373 2814 653 2865 adversus
696 2813 950 2866 fratres?
1007 2816 1164 2867 unde
1204 2814 1404 2883 rixae,
1467 2818 1624 2867 undo
1658 2815 2087 2868 insultationes
2124 2823 2183 2866 et
2224 2816 2475 2880 probra,
2531 2812 2664 2865 nisi

305 2908 311 2913 ·
374 2882 509 2951 quia
546 2901 609 2934 se
650 2883 895 2951 quisque
938 2885 1109 2936 nimis
1148 2894 1338 2950 amat,
1387 2893 1451 2936 et
1487 2885 1663 2938 nimis
1701 2885 1816 2938 sibi
1855 2883 2096 2953 placet?
2168 2873 2327 2951 Ergo
2355 2883 2459 2951 qui
2489 2891 2666 2933 arro-

372 2950 644 3018 gantiam
673 2952 974 3019 deposuit,
1026 2962 1085 3004 et
1120 2952 1233 3005 sibi
1280 2953 1459 3006 desiit
1490 2956 1759 3022 placere,
1810 2962 2157 3007 mansuetus
2190 2954 2312 3003 erit
2344 2962 2404 3002 et
2430 2950 2665 3005 facilis.

372 3021 485 3072 teli
514 3038 699 3089 porro
729 3023 1135 3080 moderatione
1159 3022 1422 3092 quisquis
1447 3024 1561 3075 erit
1586 3023 1919 3093 praeditus,
1945 3022 2144 3074 ,multa
2172 3023 2458 3073 fratribus
2487 3022 2665 3087 igno·

376 3100 536 3156 scet,
576 3091 770 3142 multa
808 3090 1111 3144 tolerabit.
1200 3093 1395 3161 Quare
1432 3094 1722 3145 notandus
1762 3100 1852 3145 est
1890 3091 1987 3143 hic
2027 3091 2172 3141 ordo
2211 3100 2269 3142 et
2308 3098 2666 3142 contextus:

376 3158 520 3226 quia
561 3158 632 3209 de
671 3159 960 3227 patientia
996 3159 1299 3224 inutiliter
1326 3160 1459 3228 quis
1488 3162 1811 3230 praecipiet
1831 3198 1847 3227 ,
1901 3160 2020 3211 nisi
2048 3158 2505 3212 mansuefecerit
2529 3159 2666 3210 ani-

375 3244 505 3280 mos
536 3235 593 3277 et
622 3226 909 3281 ferociam
942 3228 1304 3281 correxerit:
1347 3229 1573 3282 frustra
1604 3231 1675 3282 de
1703 3228 2151 3283 mansuetudine
2182 3226 2666 3294 concionabitur,

373 3298 491 3348 nisi
535 3296 606 3347 ab
648 3296 996 3349 humilitate
1035 3298 1352 3363 sumpserit
1390 3298 1716 3364 exordium.
1815 3299 1985 3368 Quod
2039 3297 2177 3348 dicit
2226 3297 2299 3350 In
2349 3298 2667 3362 dilectione,

375 3363 673 3432 significat
701 3366 857 3435 quod
887 3366 1030 3428 alibi
1060 3364 1240 3432 dicit,
1276 3367 1436 3418 hanc
1467 3367 1924 3435 essepropriam
1952 3364 2221 3418 caritatis
2253 3377 2554 3430 naturam,
2592 3375 2669 3417 ut

292 3477 305 3488 X
376 3432 457 3483 sit
488 3432 713 3500 patiens
748 3419 813 3499 (l.
837 3433 1188 3499 Cor.13‚4.).
1214 3449 1374 3503 ergo
1403 3436 1510 3487 ubi
1540 3436 1821 3506 regnabit
1847 3453 1915 3487 ac
1943 3435 2173 3503 vigebit
2199 3435 2437 3499 caritas,
2471 3433 2672 3486 multa

379 3500 481 3552 alii
521 3501 584 3568 in
631 3503 764 3554 aliis
802 3503 1082 3557 feremus.
1168 3502 1488 3555 Caeterum
1526 3522 1646 3556 non
1681 3503 1986 3557 immerito
2032 3506 2406 3555 commendat
2436 3503 2671 3570 patien-

377 3572 524 3624 tiam
546 3608 562 3634 ,
612 3580 683 3623 ut
703 3581 937 3624 maneat
965 3573 1160 3625 unitas
1190 3571 1456 3640 spiritus.
1542 3574 1812 3643 Quotidie
1846 3572 1999 3625 enim
2037 3572 2313 3624 accidunt
2348 3571 2678 3625 innumera·

379 3637 769 3707 offendicula,
814 3658 967 3710 quae
994 3640 1238 3695 dissidia
1268 3641 1431 3694 inter
1458 3659 1565 3695 nos
1595 3644 1858 3695 excitare
1884 3650 2126 3709 possent
2145 3679 2161 3706 ‚
2219 3641 2564 3709 praesertim
2598 3640 2688 3692 in*

377 3717 544 3761 tanta
590 3708 973 3776 morositate,
1041 3720 1264 3779 quanta
1300 3710 1538 3763 laborat
1576 3710 1901 3765 humanum
1940 3707 2266 3781 ingenium.
2365 3710 2670 3761 Unitatem

377 3779 609 3842 aph-itus
649 3778 887 3847 quidam
931 3795 1040 3847 pro
1084 3777 1387 3848 'spirituali
1426 3780 1772 3848 accipiunt,
1821 3796 1997 3850 quam
2022 3778 2083 3831 in
2118 3782 2293 3831 nobis
2329 3779 2522 3829 efficit
2549 3775 2673 3830 Dei

378 3844 667 3915 Spiritus.
707 3856 765 3898 et
790 3857 952 3900 certe
974 3848 1021 3899 is
1051 3857 1140 3900 est
1163 3847 1344 3914 solus,
1381 3849 1486 3919 qui
1513 3866 1620 3904 nos
1647 3848 1841 3902 reddit
1867 3848 2189 3915 unanimes,
2229 3848 2492 3916 adeoque
2519 3845 2676 3898 facit

381 3932 586 3969 unum.
623 3917 725 3968 sed
753 3931 866 3984 ego
898 3916 1233 3986 simplicius
1257 3918 1627 3987 interpretor
1655 3917 1729 3970 de
1757 3918 2088 3974 animorum
2115 3918 2452 3968 concordia.
2503 3915 2673 3966 Col·

350 3984 564 4052 ‘ligari
603 3984 894 4037 unitatem
932 3986 1107 4039 docet
1135 3986 1294 4050 pacis·
1329 3987 1579 4053 vinculo,
1624 3997 1944 4056 propterea
1972 3987 2132 4057 quod
2167 4004 2236 4039 ex
2263 3983 2674 4044 contentioni-

378 4054 490 4107 bus
528 4065 857 4106 nascuntur
896 4056 1025 4106 fere
1066 4056 1203 4107 odia
1242 4065 1303 4107 et
1344 4055 1699 4109 simultates.
1769 4056 2007 4110 Placide
2036 4071 2182 4124 ergo
2217 4055 2563 4121 vivendum,
2599 4062 2677 4107 ut

380 4133 619 4187 maneat
645 4121 805 4174 inter
830 4140 935 4174 nos
965 4123 1402 4186 benevolentia.
1597 4170 1602 4175 .

515 4188 570 4246 4.
647 4191 838 4244 Unum
862 4208 1085 4259 corpuS.
1170 4192 1406 4245 Clarius
1432 4192 1749 4260 exprimit,
1798 4207 1974 4265 quam
2004 4185 2271 4263 perfecta
2302 4210 2425 4244 esse
2456 4191 2680 4246 debeat

382 4260 576 4315 unitas
606 4259 1131 4313 Christianorum:
1180 4276 1397 4328 nempe
1437 4277 1589 4332 quae
1634 4263 1798 4318 omni
1839 4281 1911 4318 ex
1950 4274 2125 4332 parte
2159 4263 2303 4315 adeo
2338 4262 2566 4326 valeat,
2605 4271 2680 4314 ut

380 4329 443 4384 in
471 4345 652 4383 unum
683 4344 897 4396 corpus
929 4339 1189 4382 et=unam
1218 4329 1480 4384 dnimam
1513 4332 1923 4385 coalescamus.
1977 4333 2192 4400 quihus
2233 4332 2429 4383 verbis
2474 4340 2678 4383 totum

380 4398 677 4466 hominem
708 4397 1012 4470 designate
1052 4398 1223 4469 quasi
1247 4398 1495 4469 diceret,
1523 4415 1632 4455 nos
1659 4400 1901 4473 penitus
1929 4418 2188 4473 corpore
2215 4410 2279 4453 et
2307 4400 2528 4476 anima,
2553 4413 2679 4452 non

2143 4505 2153 4530 l
