2820 4895
360 295 532 369 142*
907 227 2106 367 infamaroussrsnm

362 518 385 542 s
456 461 459 466 ‘
526 468 590 534 6.
631 453 1222 552 Quemadmodum
1246 463 1458 551 igitur
1482 465 1875 566 suscepistis
1894 460 2243 534 Christum
2258 464 2483 531 lesum
2499 464 2654 531 Do-

360 555 656 629 minum,
698 556 951 638 inipso
979 549 1349 624 ambulate:
1439 553 1498 613 7.
1539 550 1843 614 Radicati
1869 553 1941 612 in
1968 553 2157 637 ipso,
2198 561 2269 616 et
2294 548 2654 626 aedificati,

362 651 437 706 et
461 632 837 702 confirmati
866 640 937 700 in
969 632 1133 712 fide,
1188 634 1760 718 quemadmodum
1784 634 2009 699 edocti
2037 640 2238 715 estis,
2290 636 2654 712 abundan-

362 735 472 790 tes
495 727 569 787 in
597 741 857 788 ea-cum
884 723 1257 808 gratiarum
1289 722 1579 784 actione.

499 871 553 928 6.
627 868 1135 939 Quemadmodum.
1218 865 1410 922 Laudi
1436 855 1648 930 'attexit
1670 866 2176 936 exhortationem,
2211 868 2274 922 in
2308 882 2424 940 qna
2453 867 2654 938 docet,

286 983 305 1002 ..
362 938 521 996 nihil
548 939 672 992 illis
696 940 1110 1009 profuturum,
1147 939 1305 1019 quod
1329 938 1514 989 semel
1541 937 2237 1019 Christum·receperint,
2271 940 2389 991 nisi
2420 937 2488 991 in
2519 939 2656 1008 ipso

362 1019 824 1134 {3‘35233322
848 1006 2657 1146 Psst‘z’ssaesssssssszssss2233332-{imai-‘gxffipz‘zt‘ffss‘st

368 1146 865 1218 quemadmodum
906 1145 1099 1198 edocti
1135 1143 1413 1210 fuerant,
1461 1151 1522 1196 et
1558 1142 2051 1215 quemadmodum
2091 1155 2444 1213 receperant
2471 1145 2688 1209 Chris

364 1227 546 1272 stum.
628 1216 779 1269 Nam
817 1215 905 1267 liis
944 1212 1141 1267 verbis
1180 1214 1487 1276 admonet,
1543 1211 1633 1264 ita
1674 1220 2016 1264 constanter
2054 1213 2489 1275 adhaerendum
2523 1230 2659 1268 esse

367 1284 706 1350 doctrinae,
743 1299 920 1353 quam
948 1281 1020 1333 ab
1039 1280 1315 1350 Epaphra
1344 1281 1632 1333 traditam
1660 1273 1914 1347 amplexi
1943 1288 2148 1348 erant,
2183 1293 2246 1333 ut
2275 1282 2390 1334 sibi
2425 1283 2498 1335 ab
2533 1283 2659 1337 alin

367 1353 579 1427 quavis
606 1352 878 1406 doctrina
908 1361 967 1403 et
992 1349 1109 1402 fide
1137 1358 1404 1402 caveant.
1464 1347 1651 1403 Sicuti
1680 1348 1916 1402 dicebat
1936 1351 2153 1403 lessius
2179 1350 2287 1417 (30,
2302 1351 2416 1419 21.)
2434 1370 2451 1404 ε
2487 1352 2659 1404 Haeo

368 1435 459 1478 est
485 1423 608 1489 via,
665 1420 964 1473 ambulate
992 1418 1053 1470 in
1077 1434 1165 1472 ea.
1239 1417 1317 1471 Et
1342 1434 1485 1471 sane
1513 1419 1600 1472 ita
1625 1418 1915 1489 agendum
1948 1427 2090 1484 est,‘
2114 1428 2183 1471 ut
2214 1422 2426 1473 veritas
2454 1421 2661 1473 Evan-

298 1557 299 1562 ,
360 1490 549 1563 gelii,
598 1498 911 1559 postquam
938 1485 1109 1540 nobis
1139 1496 1228 1540 est
1255 1487 1592 1556 patefacta,
1638 1488 1805 1539 nobis
1833 1488 1908 1539 sit
1934 1504 2137 1541 murus
2165 1489 2420 1541 aheneus
2448 1489 2530 1541 ad
2552 1506 2660 1541 re-

365 1558 674 1632 pellendas
719 1565 925 1609 omnes
964 1555 1363 1625 imposturas-
1439 1557 1661 1626 Tribus
1697 1564 1894 1609 autem
1934 1557 2305 1625 metaphoris
2345 1556 2660 1626 exprimit,

276 1655 283 1664 ⁸
368 1629 611 1751 gualam
640 1627 713 1678 ab
737 1626 884 1694 ipsis
910 1625 1180 1694 requirat
1208 1624 1347 1677 fidei
1376 1626 1795 1677 constantiam.
1880 1625 2077 1679 Prima
2104 1635 2193 1678 est
2217 1625 2281 1677 in
2309 1628 2489 1679 verbo
2521 1628 2659 1677 Am-

409 1699 631 1750 ulandi.
676 1703 987 1764 comparat
1014 1693 1172 1745 enim
1201 1710 1410 1763 puram
1433 1692 1741 1764 ‚Evangelii
1768 1692 2125 1759 doctrinam,
2173 1702 2241 1747 ut
2268 1711 2400 1747 eam
2426 1695 2660 1748 didice-
2749 1696 2761 1701 ”

367 1773 539 1833 rant,
575 1765 701 1817 viae
731 1772 966 1829 certae,
1002 1777 1183 1832 'quam
1212 1759 1480 1832 quisquis
1506 1762 1805 1827 tenuerit,
1854 1771 2023 1814 extra
2052 1762 2276 1816 erroris
2311 1762 2658 1830 periculum

366 1835 611 1890 futurus
651 1844 759 1885 est.
804 1853 807 1856 “
842 1832 1130 1884 Hortatur
1168 1847 1311 1902 ergo
1352 1830 1401 1882 si
1440 1847 1560 1882 non
1600 1830 1790 1883 velint
1824 1830 2140 1897 εδει-ταας
2190 1841 2258 1884 ut
2283 1849 2359 1883 ne
2385 1850 2417 1884 a
2442 1849 2656 1903 cursu,
2747 1857 2754 1859 *

369 1920 559 1985 quem
583 1899 839 1970 ingressi
878 1907 1049 1965 sunt,
1099 1899 1440 1952 deflectant.
1523 1898 1793 1952 Secunda
1819 1909 2056 1969 sumpta
2089 1910 2179 1952 est
2210 1900 2283 1951 ab
2313 1901 2660 1956 arboribus.

369 1972 547 2029 sicuti
587 1971 746 2024 enim
785 1971 986 2036 arbor,
1021 1966 1325 2021 radicibus
1349 1967 1643 2038 profunde
1666 1968 1818 2020 actis
1838 2008 1855 2035 ‚
1888 1968 2034 2024 satis
2060 1967 2244 2034 habet
2272 1969 2540 2022 fulturae
2575 1971 2659 2024 ad

367 2040 740 2098 sustinendos
762 2054 978 2094 ,omnes
1014 2046 1336 2090 ventorum
1377 2037 1873 2107 et-procellarum
1909 2039 2204 2104 impetus:
2254 2038 2340 2091 ita
2368 2034 2558 2109 siquis
2583 2037 2657 2092 in

370 2111 619 2165 Christo
659 2109 781 2160 alte
822 2124 893 2160 ac
931 2107 1164 2175 penitus
1200 2106 1348 2158 fixus
1388 2106 1501 2172 sit,
1548 2115 1829 2175 tanquam
1874 2106 1941 2157 in
1976 2107 2146 2159 firma
2185 2108 2423 2172 radice,
2467 2107 2658 2162 nullis

369 2181 624 2235 Satanae
651 2174 1191 2228 machinationibus
1222 2174 1405 2226 deiici
1429 2175 1664 2242 >poterit
1692 2191 1724 2225 a
1748 2183 1920 2226 recto
1948 2185 2130 2228 statu.
2200 2177 2423 2232 Contra
2457 2175 2658 2247 siquis

265 2259 282 2286 Ι
368 2265 491 2302 non
528 2244 807 2299 defixerit
840 2245 1071 2297 radices
1109 2242 1182 2295 in'
1205 2244 1478 2310 Christo,
1527 2243 1705 2295 facile
1740 2240 2203 2296 circumferetur
2233 2245 2439 2314 quovis
2471 2254 2658 2298 vento

369 2315 718 2382 doctrinae,
766 2329 887 2366 non
918 2328 1084 2366 secus
1110 2312 1492 2382 atque‘arbor
1518 2311 1692 2365 nullis
1720 2311 1873 2364 fulta
1898 2310 2229 2381 radicibus,
2279 2312 2471 2383 primo
2499 2331 2658 2384 quo-

370 2403 488 2460 que
511 2384 667 2439 flatu
697 2382 1010 2455 abripitur.
1075 2381 1287 2433 Tertia·
1311 2380 1661 2451 metaphora
1691 2391 1778 2433 est
1802 2382 2189 2435 fundamenti.
2227 2381 2659 2453 domus‘enim,

369 2472 523 2530 quae
550 2454 934 2506 fundamento
959 2467 1080 2503 non
1106 2449 1472 2516 sustinetur,
1509 2466 1646 2504 mox
1679 2449 1931 2503 corruit.
2001 2451 2166 2504 Idem
2206 2460 2266 2502 et
2303 2445 2664 2522 iis'accidit,

373 2524 475 2597 qui
503 2521 642 2578 aliis
667 2522 907 2575 fulturis
933 2537 1111 2591 quam
1139 2518 1378 2572 Christo
1407 2520 1762 2572 incumbunt
1787 2518 1880 2571 vel
1908 2530 2103 2585 certe,
2123 2519 2245 2589 ,qui
2274 2536 2391 2574 non
2419 2525 2559 2574 sunt
2585 2522 2656 2578 iu

372 2611 445 2648 eo
484 2590 673 2644 solide
714 2587 981 2656 fundati,
1030 2588 1132 2641 sed
1163 2587 1382 2640 hahent
1409 2587 1575 2656 quasi
1607 2604 1951 2658 suspensum
1978 2587 2116 2640 fidei
2143 2605 2292 2645 suae.
2319 2585 2654 2645 aedificium
2761 2598 2772 2610 ⁸

370 2670 624 2734 propter
662 2652 1069 2712 infirmitate'm
1105 2674 1174 2708 ac
1211 2656 1535 2709 levitatem.
1633 2657 1796 2709 Haec
1834 2656 1948 2708 due
1995 2650 2359 2725 observ-anda
2397 2667 2536 2711 sunt
2582 2659 2653 2714 in

371 2729 570 2782 verbis
598 2727 898 2798 Apostoliz
943 2725 1257 2777 immotam
1296 2739 1424 2777 esse
1466 2741 1673 2779 eorum
1704 2726 2089 2793 firmitatem,
2128 2726 2317 2795 quiin
2343 2728 2653 2781 Christum

368 2798 759 2853 recumbunt:
800 2806 859 2848 et
883 2811 1124 2850 cursum
1154 2794 1668 2849 minimedubium
1689 2833 1705 2858 ,
1743 2796 1834 2846 vel
1864 2795 2055 2846 errori
2087 2795 2433 2849 obnoxium.
2468 2806 2648 2866 atque

367 2868 518 2922 haec
546 2865 761 2918 eximia
791 2875 879 2917 est
906 2865 1034 2917 laus
1064 2861 1203 2916 fidei
1230 2863 1302 2915 ab
1330 2863 1567 2921 effectu.
1638 2862 1871 2916 Dein‘de
1898 2879 1968 2914 eo
1999 2879 2185 2932 usque
2212 2864 2647 2933 proficiendum
2731 2886 2742 2893 1-

371 2953 500 2990 esse
529 2933 703 2988 nobis
735 2934 795 2985 in
827 2933 1098 2999 Christo,
1134 2931 1274 2984 dum
1298 2930 1622 3001 profundas
1649 2932 1708 2985 in
1740 2949 1808 2983 eo
1838 2931 2063 2983 radices
2096 2932 2413 3000 egerimus.
2482 2932 2651 2987 Unde

372 3003 664 3072 colligere
708 3012 1047 3073 promptum
1085 3008 1211 3067 est,
1257 3016 1372 3055 eoa.
1399 3008 1636 3054 tantum
1674 2999 1879 3070 vagari
1920 3017 2030 3070 per
2066 3000 2238 3054 devia
2265 3011 2326 3054 et
2346 3000 2654 3072 inquietos

366 3070 700 3136 fluciuare,
744 3072 843 3142 qni
876 3070 1185 3124 Christum
1210 3070 1330 3122 'nou
1356 3073 1587 3123 tenent.

507 3157 563 3212 7.
634 3159 711 3209 Et
742 3156 1078 3224 confirmati
1102 3155 1165 3206 in
1184 3155 1332 3223 fide.
1413 3153 1578 3207 Idem
1606 3153 1825 3223 absque
1850 3150 2048 3224 figura
2072 3154 2326 3222 repetit,
2361 3153 2518 3223 quod
2545 3146 2657 3221 per

326 3280 333 3287 ,
369 3224 782 3283 translationes
809 3224 1066 3288 dixerat,
1112 3239 1337 3290 nempe
1356 3222 1488 3273 viae
1514 3221 2044 3293 prosequutionem
2063 3257 2080 3287 ,
2111 3223 2334 3275 radicis
2350 3235 2410 3275 et
2431 3222 2658 3277 ‘funda-'-

369 3295 560 3350 menti
605 3282 925 3358 fulturam,
976 3307 1102 3343 esse
1129 3289 1562 3344 firmitudinem
1592 3300 1651 3345 et
1680 3291 2080 3343 constantiam
2110 3291 2271 3345 fidei.
2349 3292 2427 3344 Et
2453 3293 2657 3344 ohser-

370 3381 477 3431 va,
523 3364 661 3433 quia
702 3363 889 3432 prebe
929 3360 1129 3413 edocti.
1168 3357 1436 3424 fuerint,
1487 3358 1605 3412 hoc
1640 3359 1764 3412 illis
1805 3368 2220 3429 argumentum
2261 3360 2554 3430 proponi,
2588 3360 2659 3414 ut

284 3434 292 3447 ’
369 3442 504 3487 tuto
544 3446 871 3503 secureque
908 3429 969 3483 in
1005 3427 1122 3480 fide
1153 3427 1271 3480 sibi
1305 3437 1615 3496 comperta
1638 3430 1889 3496 gradum
1915 3429 2123 3498 figant.
2266 3431 2657 3493 Abundantes.

370 3503 508 3556 Non
552 3500 683 3555 vult
716 3516 815 3554 eos
852 3507 1083 3551 tautum
1124 3506 1283 3549 stare
1320 3494 1695 3563 immobiles,
1746 3497 1852 3550 sed
1889 3496 2078 3567 ,magis
2111 3497 2176 3548 in
2213 3495 2335 3550 dies
2364 3515 2435 3568 ac
2462 3499 2658 3569 magis

372 3586 710 3640 augescere.
790 3568 984 3638 Quum
1032 3563 1195 3619 addit
1238 3564 1375 3616 Cum
1412 3567 1738 3630 gratiarum
1780 3566 2041 3632 actione,
2092 3566 2219 3619 vult
2258 3584 2491 3636 semper
2529 3584 2660 3623 esse

374 3654 701 3703 memores,
754 3635 911 3691 unde
936 3634 1079 3687 fides
1107 3632 1236 3704 ipsa
1261 3633 1610 3701 proveniate
1637 3645 1737 3686 ‘ne
1768 3634 2498 3704 efferanturarrogantia,
2548 3635 2658 3691 sed

374 3708 576 3778 potius
615 3722 750 3758 cum
789 3706 999 3758 timore
1038 3701 1425 3772 acquiescant
1461 3701 1526 3754 in
1559 3702 1673 3755 Dei
1714 3703 1888 3755 dono.
1973 3703 2049 3754 Et
2081 3706 2656 3774 certeingratitudo

375 3773 719 3844 saepissime
751 3774 817 3826 in
852 3777 1028 3827 cau'sa
1056 3782 1179 3840 est,
1230 3786 1342 3827 cur
1369 3786 1477 3825 nos
1504 3780 1627 3826 tam
1655 3771 1792 3825 luce
1818 3771 2137 3842 Evangelii
2165 3790 2347 3843 quam
2373 3774 2511 3827 alii's
2536 3772 2658 3828 Dei

522 3843 534 3856 0

377 3844 591 3916 gratiis
617 3841 941 3914 privemur.

524 4015 607 4078 -8,
650 4009 897 4075 Videte
925 4009 1163 4090 nequis
1190 4027 1314 4076 vos
1336 4008 1704 4095 praedetur
1731 4028 1856 4096 per
1879 4008 2381 4098 philosophiam
2409 4022 2477 4076 et
2503 4014 2660 4077 ina-³

375 4119 530 4163 nem
561 4097 1066 4183 deceptionem,
1111 4095 1485 4157 secundum
1515 4093 1947 4157 traditionem
1978 4095 2365 4175 hominum,
2407 4094 2660 4162 secun-‘-

378 4186 542 4263 dum
569 4179 895 4246 elementa
929 4178 1185 4255 mundi,
1230 4190 1297 4241 et
1325 4199 1466 4247 non
1495 4179 1865 4243 secundum
1885 4176 2265 4245 Christum:
2291 4226 2298 4233 -
2349 4185 2409 4246 9.
2457 4179 2663 4265 Quo-

375 4273 557 4335 niam
598 4269 670 4332 in
710 4269 864 4350 ipso
901 4261 1155 4327 habitat
1199 4267 1421 4327 omnis
1467 4261 1821 4352 plenitudo
1857 4264 2141 4328 Deitatis
2189 4269 2662 4352 corporaliter,

382 4357 480 4417 10.
542 4350 633 4419 Et
661 4354 823 4414 estis
850 4352 919 4410 in
948 4349 1104 4434 ipso
1135 4346 1494 4434 completi,
1550 4350 1666 4430 qui
1696 4359 1799 4412 est
1825 4363 2026 4435 caput
2054 4355 2662 4438 omnis'principa-

376 4449 487 4504 tus
516 4449 583 4503 et
610 4436 1002 4524 potestatiS,
1090 4436 1191 4498 11.
1230 4430 1311 4497 ln
1339 4451 1477 4518 quo
1508 4435 1710 4498 etiam
1737 4436 1898 4499 estis
1926 4430 2308 4502 circumcisi
2338 4434 2663 4503 Circum-
