2820 4895
261 250 266 257 “
341 265 472 329 332
874 259 992 327 1N
1062 257 1696 325 EplsTOLAE
1738 256 2112 325 *PAULl

343 430 697 502 aimulatque
736 444 842 481 nos
881 429 947 482 in
983 427 1239 501 gratiam
1280 430 1508 497 recepit
1532 427 1727 493 Deus,
1776 442 1956 496 opera
1982 442 2212 497 quoque
2240 433 2445 478 nostra
2473 433 2662 494 grata

342 503 561 570 habet,
605 509 678 552 ut-
715 501 977 569 praemio
1018 516 1251 569 quoque
1295 498 1458 568 (licet
1482 474 1771 561 indebito}
1815 498 2099 566 dignetur.
2175 498 2533 571 Quanquam
2559 495 2663 547 bis

342 572 444 626 hic
486 570 923 625 hallucinantur
960 562 1263 639 P‘apistaet
1315 568 1573 636 primum
1615 568 1771 638 quod
1815 569 1954 619 inde
1998 567 2314 637 colligunt,
2361 567 2500 619 ideo
2546 582 2663 619 nos

343 644 542 697 Deum
588 642 946 710 promereri,
1010 641 1146 709 quia
1191 639 1371 692 liberi
1419 635 1603 690 nostri
1645 636 1885 689 arbitrii,
1921 638 2136 693 virtute
2172 641 2323 689 hene
2365 653 2659 706 agamus,

348 712 556 768 deinde
596 710 754 782 qnod
787 713 977 764 Deum
1015 710 1185 762 nobis
1223 706 1469 778 perinde
1509 706 1907 775 obstringunt,
1969 725 2041 760 ac
2088 707 2137 759 si
2190 707 2359 761 nobis
2407 706 2664 759 aliunde

346 792 525 853 quam
552 798 621 832 cx
650 782 772 832 eius
799 779 985 849 gratia
1012 780 1162 843 salus
1195 786 1511 831 constaret.
1585 778 1763 846 Atqui
1796 794 1922 829 non
1961 781 2259 846 sequitur,
2308 779 2501 829 Deum
2544 793 2661 827 no-

301 845 441 905 *bis
470 851 788 922 quicquam
819 850 1063 913 debere,
1115 850 1253 923 quia
1295 849 1447 900 iuste
1470 847 1728 914 reddat,
1782 847 1936 917 quod
1974 849 2186 901 reddit.
2256 849 2449 899 Iustus
2485 849 2663 898 enim

348 920 462 987 est,
496 921 670 972 etiam
696 919 878 988 gratis
900 918 1339 971 benefaciendo.
1412 919 1489 970 Et
1511 914 1726 982 reddit,
1766 934 1945 988 quam
1969 918 2259 986 promisit,
2290 919 2664 982 mercedem,

317 1003 471 1043 ‘non
514 990 668 1059 quod
705 989 827 1040 ullo
865 988 1056 1057 ipsum
1089 989 1363 1058 obsequio
1392 987 1863 1056 praeveniamus,
1916 988 2019 1039 sed
2059 988 2199 1056 quia
2236 987 2482 1053 eodem,
2535 1002 2660 1056 quo

327 1070 489 1129 „erga
518 1076 624 1111 nos
654 1058 883 1125 coepit,
936 1058 1308 1111 liberalitatis
1335 1066 1543 1109 tenore
1567 1056 1765 1122 priora
1784 1074 1890 1110 aua
1921 1057 2071 1108 dona
2096 1057 2511 1124 posterioribus
2545 1073 2661 1107 cu·-

347 1128 558 1183 m'ulat.
606 1132 865 1200 ,Frustra
892 1127 1072 1196 igitur
1101 1138 1159 1181 et
1187 1143 1494 1197 perperam
1519 1125 1662 1176 hinc
1688 1127 1954 1196 Papistae
1980 1129 2231 1195 probare
2262 1126 2656 1190 contendunt,

347 1217 387 1253 a
413 1201 623 1252 virtute
647 1200 816 1251 liberi
847 1198 1076 1249 arbitrii
1104 1197 1402 1265 proficisci
1433 1195 1588 1247 bona
1626 1210 1835 1263 opera,
1888 1198 2119 1265 quando
2151 1198 2392 1248 minime
2433 1198 2651 1249 absur-

347 1270 492 1331 dum
525 1266 654 1332 est,
691 1277 756 1320 ut
782 1270 940 1319 Deus
970 1285 1072 1320 sua
1096 1270 1248 1320 dona
1280 1270 1338 1320 in
1369 1266 1538 1318 ‘nobis
1574 1277 1836 1320 coronet.
1908 1269 2032 1319 Nec
2069 1269 2263 1336 minus
2305 1268 2480 1318 etiam
2518 1268 2653 1325 fru-

343 1350 467 1394 ttra
497 1349 558 1392 et
583 1338 757 1391 stulte
789 1347 1116 1405 conantur,
1169 1339 1310 1391 hinc
1346 1337 1640 1388 destruere
1678 1335 1815 1387 fidei
1856 1336 2176 1404 iustitiam,
2231 1338 2467 1407 quando
2493 1336 2669 1388 nihir-

345 1409 596 1465 dissidet
617 1409 731 1460 Dei
760 1409 1030 1470 bonitas,
1081 1426 1194 1480 qua
1238 1408 1418 1478 gratis
1455 1405 1755 1458 hominem
1796 1408 2202 1476 amplectitur,
2253 1417 2494 1477 peccata
2527 1424 2653 1458 non

346 1480 695 1549 imputando
719 1516 735 1543 ,
790 1475 964 1530 ab'ea
993 1482 1232 1545 operum
1269 1477 1782 1542 remuneratione,
1835 1494 2012 1543 quam
2050 1480 2253 1530 eadem
2291 1476 2657 1530 liberalitate
2690 1512 2705 1519 -

345 1552 588 1618 reddet,
642 1565 756 1617 qua
792 1549 1080 1618 promisit.
1225 1551 1344 1601 Nec
1374 1548 1563 1598 solum
1596 1548 1760 1600 mihi.
1819 1544 1927 1617 ‘Ut'
1953 1548 2157 1600 eodem
2193 1547 2404 1618 reliqui
2447 1558 2656 1599 omnes

347 1625 546 1675 animo
598 1635 795 1670 secum
848 1619 1133 1683 militent,
1196 1618 1270 1668 ad
1319 1631 1571 1667 coronae
1614 1616 1955 1669 societatem
1998 1635 2095 1670 eos
2134 1619 2361 1670 invitat.
2446 1620 2653 1686 Neque

352 1695 507 1744 enim
545 1698 742 1759 posset
782 1689 1038 1739 infracta
1075 1690 1195 1740 eius
1225 1678 1553 1740 constantia
1581 1684 1752 1737 nobis
1782 1704 1903 1739 esse
1926 1690 2196 1758 ,exemplo
2218 1727 2234 1756 ‚
2289 1688 2401 1740 nisi
2431 1689 2646 1740 eadem

348 1779 481 1830 spes
511 1775 767 1813 coronae
785 1758 1094 1827 proposita
1123 1757 1389 1811 omnihus
1420 1765 1590 1809 esset.
1658 1754 2110 1825 Insignixiutem
2151 1771 2292 1811 nota
2335 1759 2462 1830 pios
2492 1759 2646 1810 desi·
2730 1814 2737 1823 ‚

346 1842 525 1902 gnat,
583 1845 759 1900 quum
804 1830 975 1881 dicit:
1032 1827 1350 1888 Omnibus,
1393 1831 1493 1892 qui
1528 1826 1786 1891 diligunt
1819 1829 2122 1882 adventum
2155 1833 2298 1882 eius.
2382 1828 2454 1881 Et
2492 1839 2648 1881 certe

289 1930 296 1939 ¹
347 1902 685 1968 ubicunque
713 1899 931 1967 vigebit
964 1898 1139 1962 fides,
1189 1914 1304 1948 non
1335 1895 1487 1947 sinet
1519 1895 1742 1947 animos
1771 1897 1833 1946 in
1864 1899 2080 1949 mundo
2110 1909 2397 1968 torpere,
2430 1900 2531 1951 sed
2571 1899 2647 1950 ad

349 1987 513 2041 apem
553 1971 792 2022 ultimae
831 1969 1272 2039 resurrectionis
1310 1966 1556 2018 attollet.
1641 1966 1944 2034 Significat
1979 1968 2204 2036 igitur,
2257 1984 2492 2034 omnes,
2544 1971 2648 2037 qui

347 2041 566 2097 mundo
597 2043 682 2097 ita
712 2051 846 2091 sunt
871 2039 1130 2105 addicti,
1182 2047 1240 2091 et
1268 2039 1490 2092 fluxam
1518 2035 1675 2086 hanc
1702 2036 1879 2088 vitam
1907 2048 2110 2090 amant
2128 2077 2144 2107 ,
2198 2048 2261 2090 ut
2288 2052 2406 2089 non
2434 2049 2648 2090 curent

349 2112 660 2164 adventum
689 2107 937 2176 Christi,
977 2126 1085 2161 nec
1114 2109 1233 2160 ullo
1266 2111 1386 2161 eius
1416 2105 1704 2159 desiderio
1730 2114 2076 2174 tangantur,
2113 2126 2243 2173 *sese
2271 2110 2501 2176 privare
2525 2111 2647 2162 im·

349 2180 589 2234 mortali
635 2181 844 2248 gloria.
920 2182 1048 2235 Vae.
1077 2180 1264 2248 igitur
1298 2178 1517 2245 stupori
1560 2186 1798 2242 nostro,
1851 2179 1949 2247 qui
1990 2195 2096 2241 not
2126 2196 2428 2249 oppressos
2459 2188 2642 2245 tenet,

223 2250 256 2285 '²
349 2269 428 2305 ne
458 2267 718 2322 unquam
749 2250 819 2303 de
849 2250 1063 2305 Christi
1088 2251 1340 2302 adventu
1372 2248 1521 2300 serio
1548 2247 1905 2315 cogitemus,
1957 2249 2028 2300 ad
2058 2254 2233 2318 quem
2275 2249 2520 2301 decebat
2558 2259 2675 2300 to-·

352 2333 446 2375 tos
469 2321 789 2374 intendere.
864 2320 1020 2372 Adde
1049 2321 1203 2390 quod
1236 2339 1266 2372 e
1295 2319 1562 2373 fidelium
1595 2332 1839 2369 numero
1871 2319 2158 2386 excludit,
2197 2320 2407 2392 quibus
2439 2321 2647 2372 formi—

319 2408 328 2417 .
348 2392 685 2518 glaclilirlliguqst
711 2389 924 2446 Christi
952 2391 1265 2488 adventus,
1319 2389 1421 2461 qui
1448 2389 1610 2460 diligi
1637 2404 1756 2441 non
1784 2397 2005 2462 potest,
2061 2391 2204 2463 quin
2245 2391 2433 2444 suavis
2476 2391 2551 2443 sit
2577 2408 2648 2442 ac

2332 2514 2365 2524 -σ

526 2604 589 2665 9.
643 2598 746 2664 Da
785 2617 1101 2687 operam,
1158 2610 1233 2662 ut
1259 2597 1347 2661 ad
1376 2618 1483 2662 me
1512 2581 1742 2664 venias
1774 2601 1929 2662 cito,
2024 2602 2132 2682 10,
2167 2600 2416 2664 Demas
2460 2602 2643 2668 enim

349 2707 460 2750 me
493 2684 803 2768 reliquit,
844 2682 1192 2769 amplexus
1221 2683 1354 2747 hoc
1381 2680 1760 2758 saeculum,
1806 2696 1872 2746 et
1899 2684 2255 2769 profectus
2288 2696 2396 2748 est
2417 2682 2642 2747 Thes-

352 2769 787 2846 salonicam,
852 2766 1182 2834 Crescens
1242 2772 1314 2831 in
1372 2768 1750 2842 Galatiam,
1838 2768 2035 2832 Titus
2092 2774 2165 2832 in
2223 2768 2682 2838 Dalmatiam„

355 2862 455 2920 11.
501 2855 722 2917 Lucas
753 2864 855 2917 est
884 2854 1071 2918 solus
1102 2874 1386 2917 mecum.
1427 2865 1435 2874 '
1478 2850 1786 2914 Marcum
1816 2871 2114 2931 assume,
2162 2864 2234 2915 ut
2258 2865 2489 2917 tecum
2520 2853 2644 2914 ad—

352 2939 591 3019 ducas;
650 2950 752 3001 est
791 2942 970 3003 enim
1006 2940 1172 3001 mihi
1208 2936 1399 3002 utilis
1439 2940 1510 2999 in
1547 2939 2022 3021 ministerium.
2121 2942 2219 3002 12.
2267 2937 2641 3027 Tychicum

353 3037 579 3089 autem
621 3024 773 3086 misi
815 3022 1184 3109 Ephesum.
1286 3027 1386 3087 13.
1448 3020 1802 3097 Penulam,
1852 3039 2058 3103 quam
2087 3022 2356 3087 Troade
2398 3019 2643 3105 reliqui

279 3125 282 3126 ’
348 3110 531 3195 apud
554 3109 886 3194 Carpum,
928 3107 1134 3191 q'uum
1169 3110 1431 3183 venies,
1473 3125 1509 3168 a
1575 3125 1685 3181 er,
1729 3118 1796 3168 et
1824 3106 2036 3171 libros
2065 3122 2131 3172 et
2162 3107 2602 3171 membranas.

439 3205 446 3212 .
489 3225 544 3280 9.
620 3224 715 3273 Da
749 3240 1000 3286 operam.
1057 3224 1263 3296 »Quum
1295 3222 1501 3274 mortis
1530 3231 1756 3294 tempus
1786 3223 2002 3275 instare
2028 3222 2237 3289 sciret,
2275 3221 2393 3274 non
2420 3222 2642 3285 dubito,
2714 3244 2734 3270 ‚-

275 3307 278 3308 ’
351 3293 495 3363 quin
530 3291 715 3343 multa
756 3290 1065 3356 habuerit,
1101 3293 1179 3352 ,de
1212 3294 1417 3362 quibus
1454 3294 1518 3344 in
1545 3293 1843 3346 Ecclesiae
1886 3293 2102 3344 bonurn
2145 3309 2342 3345 coram
2372 3293 2641 3344 conferre

346 3380 488 3423 *cum
531 3360 839 3415 Timotheo
877 3360 1071 3417 vellet.
1157 3362 1355 3431 Itaque
1396 3380 1516 3413 non
1557 3363 1819 3429 dubitat,
1871 3379 1939 3414 ex
1977 3362 2366 3414 transmarina
2410 3362 2643 3431 regione

350 3443 485 3487 eum
528 3448 870 3486 accersere..
924 3433 1058 3484 Non
1104 3442 1228 3482 erat
1275 3442 1431 3486 certe
1472 3434 1614 3485 levis
1656 3449 1866 3498 *causa,
1926 3449 2030 3486 cur
2068 3450 2205 3483 eum
2243 3433 2314 3483 ab
2355 3432 2639 3496 Ecclesia,

351 3505 450 3557 cui
484 3510 755 3568 praeerat
776 3538 792 3565 ,
847 3510 1152 3568 evpcaret,
1205 3511 1259 3551 et
1290 3495 1520 3571 quidem
1552 3512 1677 3554 tam
1710 3503 1935 3571 procul.
2008 3503 2148 3554 Inde
2178 3503 2319 3553 licet
2350 3503 2641 3570 colligere,

299 3629 304 3630 ⁷
351 3584 631 3644 quantum
684 3572 943 3622 habeant
996 3572 1276 3622 momenti
1327 3573 1536 3624 talium
1599 3572 1858 3624 virorum
1924 3572 2398 3655 collpquutioneS.
2495 3574 2641 3623 Nam

253 3699 260 3714 ι
351 3645 618 3695 omnibus
655 3641 931 3712 Ecclesiis
974 3642 1076 3693 diu
1113 3637 1482 3709 profuturum
1525 3652 1681 3711 erat,
1738 3631 1894 3713 quod
1934 3644 2091 3695 brevi
2131 3643 2411 3712 temporis
2457 3642 2643 3711 spatio

351 3713 644 3765 didicisset
663 3707 1041 3777 Timotheus,
1078 3722 1141 3761 ut
1168 3713 1307 3763 levis
1337 3723 1484 3764 esset
1510 3712 1734 3765 dimidii
1763 3714 1854 3763 vel
1881 3716 2059 3766 totius
2088 3716 2227 3764 anni
2258 3717 2484 3766 iactura
2512 3729 2643 3781 prae

353 3784 851 3851 compensatione.
924 3784 1001 3834 Et
1029 3790 1228 3832 tamen
1259 3798 1328 3832 ex
1351 3779 1724 3851 sequentibus
1757 3794 2029 3851 apparet,
2049 3778 2308 3842 'Paulum
2339 3800 2442 3837 sua
2470 3773 2641 3834 etiam

349 3854 577 3923 privata
619 3869 791 3905 causa
821 3851 1194 3904 Timotheum
1223 3867 1476 3926 ,vocare,
1534 3855 1671 3921 q'uia
1710 3853 1840 3904 fidis
1880 3847 2239 3906 adiutoribus
2294 3853 2641 3915 destitueba-

315 3963 318 3964 γ
348 3933 480 3984 tur;
519 3924 787 3987 tametsi,
828 3924 982 3992 quod
1011 3937 1151 3974 suae
1177 3939 1459 3990 personae
1492 3926 1792 3991 proprium
1814 3933 1936 3974 erat
1949 3927 1973 3985 ,“
2001 3926 2522 3993 uon'praeferebat
2537 3926 2639 3975 Ec-

351 3994 564 4045 clesiae
620 3994 969 4058 commodis,
1039 3992 1156 4044 sed.¹
1193 3991 1329 4061 quia
1387 3995 1670 4060 agebatur
1722 3994 2043 4045 communis
2090 3995 2394 4062 Evangelii
2450 4011 2639 4054 causa.

323 4065 503 4117 [Nam
532 4062 708 4114 sicuti
735 4062 857 4127 ipse
881 4080 949 4114 ex
976 4062 1217 4113 vinculis
1252 4079 1383 4116 eam
1419 4064 1786 4132 defendebat,
1830 4065 1914 4115 sic
1942 4080 2082 4133 opus
2113 4064 2366 4118 habehat
2400 4066 2642 4118 aliorum

302 4159 310 4166 «
352 4145 533 4203 opera
568 4132 640 4183 ad
677 4131 1073 4193 defensionem
1106 4132 1515 4185 adiuvandam.
2096 4165 2117 4186 s

493 4205 577 4254 10.
656 4203 966 4265 Amplexus
1008 4204 1114 4252 hoc
1154 4201 1473 4255 saeculum.
1565 4205 1764 4273 Turpe
1798 4219 1938 4253 sane
1981 4203 2087 4256 tali
2124 4205 2286 4269 vir0,
2352 4204 2643 4256 Christum

352 4272 541 4322 amori
583 4270 802 4322 saeculi
835 4270 1250 4339 posthabuisse.
1325 4275 1526 4342 Neque
1551 4282 1752 4338 tamen
1782 4272 2158 4343 cogitandum
2196 4283 2315 4339 est,
2368 4289 2500 4325 eum
2540 4273 2641 4323 ab·

291 4388 295 4391 ⁴
350 4349 562 4409 negato
608 4356 843 4407 prorsus
873 4341 1103 4396 Christo
1143 4343 1359 4394 iterum
1396 4360 1461 4394 se
1491 4344 1584 4395 vel
1608 4344 1931 4413 impietati,
1984 4345 2075 4395 vel
2114 4343 2405 4395 illecebris
2447 4342 2641 4395 'mundi

241 4437 292 4486 „⁹
355 4411 647 4494 addixisse
666 4451 683 4475 ,
739 4411 843 4463 sed
874 4420 1106 4465 tantum
1147 4413 1376 4482 privata
1413 4428 1519 4466 sua
1560 4414 1899 4482 commoda,
1953 4413 2040 4466 vel
2080 4429 2240 4469 suam
2273 4416 2643 4468 securitatem

2490 4561 2500 4588 Ι
