2820 4895
348 267 480 331 302
736 281 747 302 ¹
835 279 867 327 .·
905 264 1049 331 m:
1085 261 1698 345 Epls‘ronass
1758 263 2094 335 PAULI

350 434 564 498 vellat,⁸
594 433 888 503 ‘adeoquo-
917 442 1052 487 eum
1083 437 1381 500 meimet,
1419 442 1571 494 :tunc
1605 445 1842 510 quoque
1872 435 2062 505 magis
2083 445 2314 505 aptasse
2344 446 2404 491 et
2428 419 2641 492 curnu—

347 506 497 560 lasse
526 519 662 562 eum
684 506 850 562 novis
880 503 1070 580 donisg
1120 505 1210 557 vel
1234 506 1426 572 priora
1445 540 1462 563 ‚
1502 520 1653 576 quae
1681 507 2045 580 contulerat,
2075 509 2438 582 ²duplicasse.
2508 511 2644 561 Non

350 567 491 644 sergo
518 575 677 642 prius
713 575 775 646 in
802 574 997 625 Timot
1034 577 1111 623 ‘eo
1150 573 1379 648 nullum'
1400 585 1552 646 :⁶5³9
1576 574 1790 644 donum
1809 614 1826 643 ‚
1877 573 1979 629 sed
2009 571 2205 648 'magis
2236 589 2378 633 tunc
2411 579 2643 649 enituit,

352 655 534 717 quum
569 645 655 696 illi
679 645 1013 713 impositum
1042 644 1154 695 fuit
1182 644 1429 695 docendi
1461 655 1620 695 onus.
1985 659 1990 670 ‘
2417 661 2424 666 ¹

468 715 545 768 -7.
622 716 756 765 Non
794 716 944 765 enim
985 715 1140 766 deciis
1179 717 1368 766 nobis.
1448 714 1829 765 Confirmatio
1856 723 1944 765 est
1972 717 2277 783 proximae
2295 717 2643 782 sententiae,

355 801 473 855 qua
500 783 872 836 Timotheum
904 783 1378 852 incitare-pergit
1408 784 1482 833 ad
1512 785 1627 834 vim
1671 783 1986 848 donorum,
2041 802 2190 855 quae
2227 789 2489 855 accepit,
2542 804 2645 837 ex-

258 899 261 906 ,
315 873 319 877 ·
350 843 740 926 plicandarnss⁴
778 853 979 905 Utitur
1006 857 1203 904 autam
1224 853 1339 903 hoc
1363 851 1740 921 argumento,
1792 853 2130 924 quod'Deus
2169 858 2467 909 ministros
2501 873 2645 909 suos

352 926 639 995 gubernet
673 925 893 988 Spiritu
931 925 1259 990 potentine,
1316 940 1467 992 quae
1500 924 1915 979 cont-rariaest
1950 928 2294 978 timiditati.
2356 926 2524 992 Uri-dc
2553 943 2645 978 se·
2735 931 2740 940 ”

355 996 588 1066 quitur,
643 1008 762 1043 non
803 992 1010 1043 debere
1048 1008 1157 1057 per
1178 993 1722 1060 ²ignaviam‘ia1cere
1737 1005 1762 1058 ,¹
1809 996 2154 1061 sed'magna
2187 995 2541 1047 confidentia
2583 1007 2646 1047 et

352 1065 665 1119 alacritate
690 1073 915 1114 erectos
933 1099 949 1126 ,
1000 1062 1164 1112 illam
1182 1063 1442 1128 'Spiritus
1471 1063 1752 1115 -virtutem
1791 1066 2101 1116 manifesto
2131 1065 2342 1116 effectu
2369 1066 2644 1133 proferre

251 1159 267 1202 ‘,
350 1141 417 1188 et'
470 1149 751 1186 exserere.
831 1133 1017 1185 Locus
1058 1141 1143 1182 est
1184 1134 1254 1182 ad
1298 1135 1590 1185 Romanos
1637 1134 1832 1202 'eapite
1870 1136 1923 1202 8,
1964 1134 2044 1186 14.
2090 1136 2157 1185 in
2202 1138 2463 1211 'speciem
2517 1136 2648 1186 fere

351 1205 593 1259 similis:
642 1202 742 1253 sed
775 1211 969 1254 tamen
1001 1201 1102 1269 qui
1135 1202 1422 1255 diversum
1450 1217 1676 1255 sensum
1715 1203 1892 1255 habet
1927 1219 2004 1255 ex
2042 1217 2144 1256 sua
2175 1207 2647 1259 ‘circumstantia-

353 1274 782 1328 Tractatxenim
808 1272 932 1323 illic
961 1272 1028 1322 de
1057 1273 1383 1340 adoptionis
1410 1273 1657 1339 fiducia,
1709 1267 1880 1343 quam
1904 1274 2125 1325 habent
2163 1291 2364 1327 omnes
2405 1276 2644 1329 fideles:

282 1353 285 1360 '
354 1362 510 1397 nunc
541 1347 736 1395 autem
762 1342 1136 1410 peculiariter
1163 1345 1280 1411 agit
1308 1344 1379 1395 de
1404 1343 1685 1394 ministris
1705 1375 1746 1409 ‚x
1771 1362 1840 1396 ac
1871 1361 1967 1395 eos
1997 1343 2269 1397 hortatur
2302 1346 2406 1397 sub
2438 1347 2646 1397 Timo-

355 1416 478 1468 thei
508 1429 785 1482 persona,
825 1421 976 1463 ιιι-σε
1006 1414 1265 1479 gnaviter
1289 1422 1502 1465 acuant
1529 1414 1600 1465 ad
1626 1414 2199 1481 magnanimitatem:
2238 1419 2375 1485 quia
2398 1433 2519 1467 non
2543 1434 2645 1467 ve-

352 1487 425 1539 lit
455 1503 549 1536 eos
577 1482 861 1536 Dominus
888 1481 1102 1548 frigide
1130 1484 1291 1534 obire
1321 1501 1530 1536 munus
1558 1500 1725 1536 suum
1744 1524 1759 1550 ,
1791 1485 1889 1535 sed
1916 1493 2186 1553 potenter
2208 1486 2430 1538 instare
2459 1488 2649 1539 fretos

360 1557 610 1626 Spiritus
637 1551 912 1604 efficacia.
981 1553 1133 1624 Hinc
1169 1552 1548 1606 admonemur
1576 1570 1941 1623 nequaquam
1984 1554 2087 1605 ulli
2129 1566 2392 1607 nostrum
2432 1572 2647 1625 suppe-

353 1635 480 1678 tere
510 1641 638 1676 eam
657 1622 1298 1689 Spiritus‘altitudinem
1330 1634 1387 1676 et
1414 1624 1726 1675 infractam
1759 1624 2169 1690 constantiam,
2202 1644 2348 1695 quae
2377 1626 2448 1676 ad
2475 1643 2647 1677 exer-

355 1695 608 1748 cendum
652 1692 1043 1744 ministerium
1081 1703 1344 1758 nostrum
1391 1695 1739 1763 requiritur,
1775 1694 1998 1746 ·donec
2042 1697 2284 1748 coelitus
2326 1697 2649 1749 induamur

354 1782 506 1818 nova
537 1767 764 1815 virtute.
833 1764 909 1814 Et
936 1779 1075 1813 sane
1103 1765 1327 1815 maiora
1352 1775 1486 1816 sunt
1521 1775 1581 1816 et
1606 1765 1770 1834 plura
1808 1761 2142 1832 obstacula,
2196 1783 2371 1836 quam
2409 1779 2475 1817 ut
2514 1767 2643 1818 illis

354 1833 693 1904 superandis
723 1848 829 1900 par
857 1834 1054 1883 futura
1082 1834 1158 1884 sit
1184 1833 1301 1885 ulla
1328 1834 1580 1886 hominis
1608 1835 1909 1888 fortitudO.
1980 1838 2137 1900 Deus
2171 1846 2255 1888 est
2280 1836 2457 1903 igitur
2477 1873 2493 1901 ‚
2539 1838 2647 1906 qui

355 1923 462 1958 nos
492 1904 732 1957 instruit
759 1901 978 1969 Spiritu
1008 1905 1323 1971 potentiae.
1394 1907 1543 1962 Nam
1575 1906 1675 1973 qui
1702 1905 1922 1974 alioqui
1956 1908 2201 1958 multum
2230 1908 2406 1959 robur
2436 1916 2643 1957 osten-

355 1985 521 2042 tant,
564 1972 879 2025 concidunt
906 1983 1199 2025 momento
1220 2012 1237 2041 ‚
1288 1973 1388 2024 ubi
1418 1992 1536 2025 non
1564 1976 1923 2027 sustinentur
1946 1978 2142 2029 Divini
2172 1977 2405 2046 spiritus
2433 1985 2641 2041 poten-

355 2047 458 2098 tia.
530 2044 793 2096 Secundo
835 2043 1189 2112 colligimus,
1241 2045 1569 2114 quicunque
1609 2046 1872 2097 servilem
1909 2046 1971 2104 in
2010 2048 2245 2099 modum
2282 2045 2475 2099 timidi
2505 2057 2646 2098 sunt

290 2131 293 2138 ⁴
357 2126 417 2169 et
458 2114 707 2181 abiecti,
762 2115 835 2164 ut
854 2113 999 2165 nihil
1028 2127 1130 2181 pro
1158 2113 1499 2166 defensione
1525 2117 1782 2168 veritatis
1810 2116 2095 2184 audeant,
2156 2111 2333 2186 qdum
2360 2134 2500 2186 opus
2531 2127 2642 2183 est,

353 2180 594 2239 minime
633 2184 949 2254 gubernari
985 2184 1086 2235 illo
1128 2183 1382 2251 Spiritu,
1436 2203 1468 2236 a
1512 2201 1623 2254 quo
1667 2195 1945 2254 reguntur
1979 2187 2194 2242 Christi
2233 2189 2399 2239 servil
2468 2187 2642 2239 Unde

355 2257 616 2326 sequitur
638 2255 1031 2323 ‘paucissimos
1070 2254 1246 2305 hodie
1286 2271 1409 2305 esse
1439 2270 1507 2306 ex
1536 2255 1641 2321 iis,
1692 2259 1790 2324 qui
1830 2256 2065 2310 titulum
2101 2267 2310 2326 gerunt
2336 2256 2644 2308 Ministro-

355 2344 525 2394 rum,
580 2327 678 2395 qui
714 2326 1027 2394 genuinam
1068 2324 1432 2393 probationis
1472 2335 1671 2377 notam
1697 2326 1970 2379 habeant.
2041 2329 2265 2397 Quotus
2295 2328 2449 2379 enim
2480 2329 2642 2394 quis·

356 2391 475 2469 que*
511 2395 838 2466 reperitur,
888 2395 986 2467 qui
1023 2395 1205 2449 fretus
1235 2394 1484 2462 Spiritus
1520 2397 1778 2463 potentia
1813 2401 2407 2451 constanter‘om'nem
2439 2397 2641 2451 altitu·

356 2471 552 2521 dinem
597 2467 908 2535 despiciat,
960 2483 1105 2535 quae
1144 2466 1394 2533 insurgit
1438 2466 1709 2530 adversus,
1747 2466 2082 2521 Christum?
2139 2474 2330 2520 nonne
2371 2469 2641 2538 plerique

352 2541 479 2592 fere
508 2555 705 2589 omnes
732 2537 839 2588 sibi
869 2545 927 2587 et
951 2537 1071 2588 otio
1103 2552 1206 2590 suo
1250 2535 1593 2589 consulunt?
1643 2554 1838 2589 :nonne
1878 2540 2052 2591 simul
2091 2557 2160 2590 ac
2196 2539 2489 2606 increpuit
2528 2541 2639 2591 ali·

355 2609 526 2679 quid,
575 2607 851 2674 prostrati
891 2606 1102 2658 silent?
1171 2608 1260 2656 Ita
1282 2583 1367 2656 xfit
1406 2615 1471 2656 ut
1499 2607 1560 2657 in
1595 2623 1792 2659 eorum
1818 2609 2140 2661 ministerio
2172 2611 2329 2663 nulla
2357 2617 2642 2676 appareat

353 2680 468 2734 Dei
508 2678 796 2742 maiestas.
864 2679 1088 2731 Nomen
1117 2676 1363 2742 Spiritus
1393 2679 1783 2744 metonymice
1809 2676 1905 2730 hic
1938 2680 2172 2746 ponitur
2203 2690 2267 2732 ut
2304 2679 2501 2730 multis
2548 2681 2638 2732 lo·

300 2792 301 2797 ,
358 2751 461 2806 cis.
535 2748 648 2800 Sed
675 2765 775 2799 cur
804 2747 1169 2815 dilectionem
1198 2756 1394 2812 postea
1422 2745 1644 2799 addidit
1671 2764 1725 2800 st
1748 2750 2159 2809 sobrietatem?
2227 2750 2366 2802 Meo
2394 2749 2640 2817 iudicio,

351 2830 419 2873 ut
444 2817 608 2868 illam
639 2816 886 2886 Spiritus
918 2817 1240 2882 potentiam
1269 2816 1622 2868 discerneret
1648 2817 1718 2868 ab
1746 2817 2090 2883 intemperie
2114 2819 2503 2871 fanaticorum
2529 2819 2639 2871 ho-

352 2890 582 2951 minum
600 2925 616 2954 ,
671 2890 803 2956 qui,
844 2902 1023 2955 quum
1057 2897 1232 2937 ruant
1259 2887 1481 2954 impetu
1510 2888 1843 2939 turbulento
1861 2926 1877 2954 ,
1916 2888 2196 2957 Spiritum
2226 2891 2333 2945 Dei
2361 2890 2641 2943 ferociter

346 2964 597 3014 iactant.
660 2959 814 3026 Ergo
842 2957 1190 3008 nominatim
1221 2959 1530 3025 expressitt
1570 2959 1685 3008 vim
1713 2957 1877 3010 illam
1902 2967 2199 3027 potentem
2227 2958 2545 3012 sobrietate
2575 2952 2656 3013 et⁸

356 3029 671 3084 dilectione
688 3067 704 3095 ,
740 3026 852 3078 hoc
877 3035 964 3081 est
991 3026 1224 3094 placido
1252 3027 1594 3080 aedificandi
1619 3027 1810 3093 studio
1827 3066 1842 3095 ,
1882 3045 2006 3080 esse
2032 3038 2432 3096 temperatam.
2489 3031 2640 3081 Cae·

352 3110 547 3155 terum
576 3112 694 3150 non
725 3105 898 3165 negat
921 3097 1132 3148 Paulus
1150 3135 1165 3162 ,
1206 3100 1339 3167 quin
1373 3099 1575 3149 eodem
1595 3097 1821 3157 fuerint
1849 3099 2071 3166 Spiritu
2099 3099 2294 3151 donati
2309 3094 2638 3167 Prophetae

353 3182 413 3225 et
438 3173 723 3224 Doctores
767 3175 902 3218 ante
929 3166 1236 3234 Evangelii
1272 3168 1825 3237 promulgationem:
1876 3169 1975 3219 sed
2002 3169 2155 3220 hanc
2179 3169 2432 3238 gratiam
2459 3170 2638 3237 signi-

350 3241 494 3294 ficat
519 3255 673 3289 nunc
698 3236 894 3306 vigere
921 3238 1283 3304 potissimum
1300 3239 1522 3290 »debere
1553 3246 1610 3290 et
1636 3239 1894 3290 eminere
1921 3240 2028 3290 sub
2058 3239 2272 3305 Christi
2302 3252 2495 3307 regno.

489 3310 539 3361 8.
614 3309 748 3359 Non
788 3324 920 3372 ergo
962 3319 1014 3356 ts
1051 3308 1282 3376 pudeat.
1336 3309 1492 3373 ¹Hoc
1526 3300 1787 3373 dicebat,
1842 3325 2022 3376 quum
2051 3310 2330 3377 probrosa
2359 3326 2451 3360 res
2481 3315 2639 3358 esset

351 3375 653 3446 Evangelii
693 3373 998 3427 confessio.
1069 3375 1335 3443 prohibet
1371 3380 1585 3446 igitur,
1640 3395 1714 3429 ne
1743 3378 1987 3431 ambitio
2022 3381 2110 3431 vel
2136 3380 2416 3431 infamiae
2445 3387 2637 3429 metus

351 3466 489 3502 eum
529 3446 849 3514 impediat,
895 3443 984 3495 vel
1022 3458 1348 3503 remoretur
1387 3464 1423 3507 a
1459 3449 1729 3503 libertate
1769 3449 2142 3515 praedicandi
2180 3449 2503 3517 Evangelii.
2577 3457 2640 3498 et

336 3518 467 3571 'hoc
503 3518 684 3569 infert
728 3533 797 3567 ex
835 3513 1242 3584 superioribus.
1310 3517 1604 3588 Nam,qui
1646 3527 1904 3570 armatus
1935 3521 2180 3589 eritD‚ei
2218 3521 2463 3584 virtute,
2512 3534 2658 3569 non*

349 3587 668 3657 trepidabit
704 3587 1071 3653 obstrepente
1109 3586 1356 3638 mundo-2
1405 3588 1507 3639 sed
1535 3589 1846 3656 gloriosum
1880 3590 1990 3640 sibi
2017 3590 2219 3654 ducet,
2271 3589 2425 3659 quod
2464 3587 2636 3655 impii

353 3659 642 3712 notabunt
671 3656 1012 3725 ignominia.
1083 3657 1158 3708 Et
1188 3659 1396 3715 merito
1430 3658 1801 3726 Evangelium
1828 3660 2082 3728 appellat
2109 3661 2349 3711 Domini
2375 3659 2636 3710 testimo-

350 3726 556 3782 nium:
606 3727 743 3796 quia
773 3727 1007 3781 tametsi
1036 3727 1279 3779 minime
1316 3729 1488 3780 nobis
1531 3728 1891 3780 adiutoribus
1926 3730 2181 3799 indiget,
2231 3729 2398 3780 nobis
2422 3733 2638 3777 ‘tamen

349 3796 459 3850 has
485 3806 678 3866 partes
711 3797 994 3867 imponit,
1047 3806 1113 3847 ut
1137 3797 1535 3865 testimonium
1569 3800 1876 3851 reddamus
1914 3800 2025 3853 sibi
2061 3799 2136 3851 ad
2172 3799 2422 3868 gloriam
2464 3811 2636 3846 suam

351 3868 764 3921 asserendam.·
808 3869 923 3920 -Hic
964 3882 1207 3934 magnus
1248 3875 1306 3917 et
1335 3867 1641 3936 singularis
1670 3868 1859 3920 honor
1886 3878 2007 3933 est,
2058 3885 2174 3940 quo
2200 3886 2306 3920 nos
2337 3868 2633 3935 dignatur,

352 3947 413 3991 et
452 3938 684 4007 quidem
724 3951 924 3991 omnes
967 3939 1160 4002 (nemo
1199 3937 1353 3988 enim
1384 3939 1779 3998 Christianus.
1834 3942 1933 4008 qui
1967 3957 2082 3990 non
2111 3949 2386 4007 reputare
2420 3936 2634 4003 debeat

349 4026 413 4062 sc
450 4025 574 4061 esse
602 4006 821 4059 Christi
859 4011 1127 4073 testem),
1187 4008 1291 4058 ‘sed
1335 4011 1646 4076 praecipue
1684 4019 1882 4061 tamen
1922 4012 2189 4061 Pastores
2225 4016 2288 4060 et
2324 4009 2635 4074 Doctores,

332 4070 843 4149 ‚quemadmodum
874 4058 1138 4129 Christus
1173 4078 1454 4144 Apostolis
1484 4079 1719 4130 dicebat
1748 4082 1899 4143 (Act.
1930 4082 2102 4149 1,*8.):
2140 4081 2253 4129 Vos
2286 4077 2449 4129 eritis
2483 4075 2639 4130 mihi

328 4159 542 4202 testes.
610 4147 864 4199 Proinde
893 4163 1006 4216 quo
1031 4147 1279 4198 odiosior
1305 4157 1390 4197 est
1414 4149 1480 4199 in
1501 4150 1717 4200 mundo
1745 4149 2043 4216 Evangelii
2073 4149 2373 4212 doctrina,
2413 4161 2484 4197 eo
2509 4146 2634 4196 for-

348 4221 465 4272 tius
494 4218 740 4270 eluctari
768 4217 981 4268 debent
1007 4218 1078 4268 ad
1106 4219 1416 4285 ingenuam
1438 4219 1561 4270 eius
1591 4220 2033 4271 confessionem.
2103 4221 2295 4290 Quum
2321 4215 2485 4268 addit
2514 4216 2635 4266 Ne-

284 4352 291 4353 ?
349 4290 631 4356 que-mei,
669 4287 784 4339 hoc
809 4286 983 4338 verbo
1015 4286 1395 4338 Timotheum
1425 4290 1734 4356 admonet,
1786 4306 1859 4340 ne
1886 4290 2026 4353 sibi,
2065 4299 2349 4357 tanquam
2381 4286 2442 4336 iu
2471 4299 2632 4347 com-

351 4360 512 4410 muni
554 4372 765 4424 causa,
816 4365 1045 4409 recuset
1089 4375 1211 4409 esse
1251 4358 1462 4410 socius.
1546 4362 1697 4411 Nam
1740 4375 1920 4428 quum
1957 4360 2274 4427 incipimusv
2305 4355 2634 4408 subducere

348 4445 453 4481 nos
493 4426 810 4484 ab'eorum
850 4429 1155 4496 societate,
1205 4428 1306 4496 qui
1343 4429 1831 4500 propter-*Christi
1865 4428 2076 4482 nomen
2116 4426 2632 4498 persequutionem
