<?xml version="1.0" encoding="UTF-8"?>
<!DOCTYPE html PUBLIC "-//W3C//DTD XHTML 1.0 Transitional//EN"
    "http://www.w3.org/TR/xhtml1/DTD/xhtml1-transitional.dtd">
<html xmlns="http://www.w3.org/1999/xhtml" xml:lang="en" lang="en">
 <head>
  <title>
</title>
<meta http-equiv="Content-Type" content="text/html;charset=utf-8" />
  <meta name='ocr-system' content='tesseract 3.04.00' />
  <meta name='ocr-capabilities' content='ocr_page ocr_carea ocr_par ocr_line ocrx_word'/>
</head>
<body>
  <div class='ocr_page' id='page_1' title='image "./johanniscalvini00calvgoog_0493.png"; bbox 0 0 2820 4895; ppageno 0'>
   <div class='ocr_carea' id='block_1_1' title="bbox 117 610 150 623">
    <p class='ocr_par' dir='ltr' id='par_1_1' title="bbox 117 610 150 623">
     <span class='ocr_line' id='line_1_1' title="bbox 117 610 150 623; baseline 0 0"><span class='ocrx_word' id='word_1_1' title='bbox 117 610 150 623; x_wconf 60' lang='lat' dir='ltr'><em>l</em></span> 
     </span>
    </p>
   </div>
   <div class='ocr_carea' id='block_1_2' title="bbox 794 243 2518 363">
    <p class='ocr_par' dir='ltr' id='par_1_2' title="bbox 794 243 2518 363">
     <span class='ocr_line' id='line_1_2' title="bbox 794 243 2518 363; baseline -0.002 -37"><span class='ocrx_word' id='word_1_2' title='bbox 794 243 928 326; x_wconf 73' lang='grc' dir='ltr'>Αἰ)</span> <span class='ocrx_word' id='word_1_3' title='bbox 991 248 1571 361; x_wconf 64' lang='lat' dir='ltr'><strong>HEBRAEQS</strong></span> <span class='ocrx_word' id='word_1_4' title='bbox 1633 257 1791 325; x_wconf 57' lang='lat' dir='ltr'>cn.</span> <span class='ocrx_word' id='word_1_5' title='bbox 1836 260 1950 324; x_wconf 74' lang='lat' dir='ltr'>xi.</span> <span class='ocrx_word' id='word_1_6' title='bbox 2290 310 2303 319; x_wconf 12' lang='lat' dir='ltr'>a</span> <span class='ocrx_word' id='word_1_7' title='bbox 2393 258 2518 363; x_wconf 59' lang='lat'>49³</span> 
     </span>
    </p>
   </div>
   <div class='ocr_carea' id='block_1_3' title="bbox 216 410 2521 684">
    <p class='ocr_par' dir='ltr' id='par_1_3' title="bbox 216 410 2521 684">
     <span class='ocr_line' id='line_1_3' title="bbox 220 410 2520 522; baseline -0.003 -23"><span class='ocrx_word' id='word_1_8' title='bbox 220 426 566 522; x_wconf 83' lang='lat' dir='ltr'>peregrini</span> <span class='ocrx_word' id='word_1_9' title='bbox 621 428 812 496; x_wconf 78' lang='lat' dir='ltr'>erant</span> <span class='ocrx_word' id='word_1_10' title='bbox 841 410 1388 516; x_wconf 68' lang='lat' dir='ltr'>superterram.</span> <span class='ocrx_word' id='word_1_11' title='bbox 1466 418 1598 509; x_wconf 63' lang='lat'><strong>”14‚.</strong></span> <span class='ocrx_word' id='word_1_12' title='bbox 1632 427 1835 494; x_wconf 48' lang='lat' dir='ltr'>*Sane</span> <span class='ocrx_word' id='word_1_13' title='bbox 1876 412 2212 511; x_wconf 45' lang='lat' dir='ltr'>qui&#39;haec</span> <span class='ocrx_word' id='word_1_14' title='bbox 2254 425 2520 506; x_wconf 78' lang='lat' dir='ltr'>dicunt,</span> 
     </span>
     <span class='ocr_line' id='line_1_4' title="bbox 221 502 2521 603; baseline -0.003 -20"><span class='ocrx_word' id='word_1_15' title='bbox 221 518 596 585; x_wconf 82' lang='lat' dir='ltr'>ostendunt</span> <span class='ocrx_word' id='word_1_16' title='bbox 625 538 696 581; x_wconf 88' lang='lat' dir='ltr'>se</span> <span class='ocrx_word' id='word_1_17' title='bbox 729 516 1015 603; x_wconf 78' lang='lat' dir='ltr'>patriam</span> <span class='ocrx_word' id='word_1_18' title='bbox 1043 518 1410 597; x_wconf 86' lang='lat' dir='ltr'><strong>inquirere.</strong></span> <span class='ocrx_word' id='word_1_19' title='bbox 1504 513 1601 577; x_wconf 83' lang='lat'>15.</span> <span class='ocrx_word' id='word_1_20' title='bbox 1648 512 1740 576; x_wconf 84' lang='lat' dir='ltr'>Et</span> <span class='ocrx_word' id='word_1_21' title='bbox 1769 511 2125 594; x_wconf 79' lang='lat' dir='ltr'>siquidem</span> <span class='ocrx_word' id='word_1_22' title='bbox 2153 502 2340 579; x_wconf 82' lang='lat' dir='ltr'>illius</span> <span class='ocrx_word' id='word_1_23' title='bbox 2371 534 2521 576; x_wconf 85' lang='lat' dir='ltr'>me·-</span> 
     </span>
     <span class='ocr_line' id='line_1_5' title="bbox 216 597 2519 684; baseline -0.003 -16"><span class='ocrx_word' id='word_1_24' title='bbox 216 606 622 675; x_wconf 76' lang='lat' dir='ltr'>minissent,</span> <span class='ocrx_word' id='word_1_25' title='bbox 691 622 755 663; x_wconf 86' lang='lat' dir='ltr'>a·</span> <span class='ocrx_word' id='word_1_26' title='bbox 789 617 920 683; x_wconf 86' lang='lat' dir='ltr'>qua</span> <span class='ocrx_word' id='word_1_27' title='bbox 975 604 1319 675; x_wconf 84' lang='lat' dir='ltr'>exierant,</span> <span class='ocrx_word' id='word_1_28' title='bbox 1380 597 1720 662; x_wconf 86' lang='lat' dir='ltr'>habebant</span> <span class='ocrx_word' id='word_1_29' title='bbox 1773 604 2044 684; x_wconf 83' lang='lat' dir='ltr'>ternpus</span> <span class='ocrx_word' id='word_1_30' title='bbox 2103 600 2519 665; x_wconf 84' lang='lat' dir='ltr'>revertendi.</span> 
     </span>
    </p>
   </div>
   <div class='ocr_carea' id='block_1_4' title="bbox 197 682 2614 863">
    <p class='ocr_par' dir='ltr' id='par_1_4' title="bbox 197 682 2614 863">
     <span class='ocr_line' id='line_1_6' title="bbox 224 682 2614 768; baseline -0.004 -15"><span class='ocrx_word' id='word_1_31' title='bbox 224 691 330 753; x_wconf 69' lang='lat'>161.</span> <span class='ocrx_word' id='word_1_32' title='bbox 408 686 611 750; x_wconf 85' lang='lat' dir='ltr'>Nunc</span> <span class='ocrx_word' id='word_1_33' title='bbox 673 704 840 749; x_wconf 81' lang='lat' dir='ltr'>vero</span> <span class='ocrx_word' id='word_1_34' title='bbox 883 684 1245 747; x_wconf 76' lang='lat' dir='ltr'>meliorem</span> <span class='ocrx_word' id='word_1_35' title='bbox 1302 693 1717 768; x_wconf 83' lang='lat' dir='ltr'>appetunt,·</span> <span class='ocrx_word' id='word_1_36' title='bbox 1769 682 1843 745; x_wconf 91' lang='lat' dir='ltr'>id</span> <span class='ocrx_word' id='word_1_37' title='bbox 1899 694 2054 757; x_wconf 78' lang='lat' dir='ltr'>est,</span> <span class='ocrx_word' id='word_1_38' title='bbox 2136 682 2520 747; x_wconf 76' lang='lat' dir='ltr'>coelestem.</span> <span class='ocrx_word' id='word_1_39' title='bbox 2609 740 2614 744; x_wconf 84' lang='lat'>.</span> 
     </span>
     <span class='ocr_line' id='line_1_7' title="bbox 197 768 2521 863; baseline -0.001 -29"><span class='ocrx_word' id='word_1_40' title='bbox 197 772 458 854; x_wconf 72' lang='lat' dir='ltr'>‘Quare</span> <span class='ocrx_word' id='word_1_41' title='bbox 499 791 633 832; x_wconf 89' lang='lat' dir='ltr'>non</span> <span class='ocrx_word' id='word_1_42' title='bbox 680 771 1017 832; x_wconf 79' lang='lat' dir='ltr'>erubescit</span> <span class='ocrx_word' id='word_1_43' title='bbox 1052 770 1285 845; x_wconf 69' lang='lat' dir='ltr'>Deus,</span> <span class='ocrx_word' id='word_1_44' title='bbox 1347 771 1576 834; x_wconf 89' lang='lat' dir='ltr'>vocari</span> <span class='ocrx_word' id='word_1_45' title='bbox 1618 768 1803 832; x_wconf 86' lang='lat' dir='ltr'>Deus</span> <span class='ocrx_word' id='word_1_46' title='bbox 1849 771 2190 863; x_wconf 82' lang='lat' dir='ltr'>ipsorum3</span> <span class='ocrx_word' id='word_1_47' title='bbox 2258 770 2521 854; x_wconf 78' lang='lat' dir='ltr'>paravit</span> 
     </span>
    </p>
   </div>
   <div class='ocr_carea' id='block_1_5' title="bbox 220 850 1730 922">
    <p class='ocr_par' dir='ltr' id='par_1_5' title="bbox 220 850 1730 922">
     <span class='ocr_line' id='line_1_8' title="bbox 220 850 1730 922; baseline -0.007 0"><span class='ocrx_word' id='word_1_48' title='bbox 220 859 407 922; x_wconf 86' lang='lat' dir='ltr'>enim</span> <span class='ocrx_word' id='word_1_49' title='bbox 437 850 578 920; x_wconf 72' lang='lat' dir='ltr'>illis</span> <span class='ocrx_word' id='word_1_50' title='bbox 616 850 971 919; x_wconf 81' lang='lat' dir='ltr'>civitatem.</span> <span class='ocrx_word' id='word_1_51' title='bbox 1727 884 1730 886; x_wconf 30' lang='lat' dir='ltr'>v</span> 
     </span>
    </p>
   </div>
   <div class='ocr_carea' id='block_1_6' title="bbox 215 969 2593 1481">
    <p class='ocr_par' dir='ltr' id='par_1_6' title="bbox 215 969 2593 1481">
     <span class='ocr_line' id='line_1_9' title="bbox 305 969 2522 1057; baseline -0.002 -13"><span class='ocrx_word' id='word_1_52' title='bbox 305 991 316 1005; x_wconf 89' lang='lat'><em>&#39;</em></span> <span class='ocrx_word' id='word_1_53' title='bbox 367 989 449 1044; x_wconf 76' lang='lat'>18.</span> <span class='ocrx_word' id='word_1_54' title='bbox 525 971 841 1042; x_wconf 69' lang='lat' dir='ltr'>Secundum</span> <span class='ocrx_word' id='word_1_55' title='bbox 884 969 1088 1055; x_wconf 57' lang='lat' dir='ltr'>fiderit.</span> <span class='ocrx_word' id='word_1_56' title='bbox 1172 986 1631 1054; x_wconf 85' lang='lat' dir='ltr'>Comparatione</span> <span class='ocrx_word' id='word_1_57' title='bbox 1673 985 1994 1057; x_wconf 78' lang='lat' dir='ltr'>amplificat</span> <span class='ocrx_word' id='word_1_58' title='bbox 2034 985 2522 1055; x_wconf 40' lang='lat' dir='ltr'>fidem-Patria&amp;</span> 
     </span>
     <span class='ocr_line' id='line_1_10' title="bbox 217 1057 2519 1131; baseline 0 -19"><span class='ocrx_word' id='word_1_59' title='bbox 217 1059 508 1131; x_wconf 79' lang='lat' dir='ltr'>charum,</span> <span class='ocrx_word' id='word_1_60' title='bbox 560 1060 695 1127; x_wconf 80' lang='lat' dir='ltr'>quia</span> <span class='ocrx_word' id='word_1_61' title='bbox 718 1097 734 1123; x_wconf 88' lang='lat'>,</span> <span class='ocrx_word' id='word_1_62' title='bbox 791 1072 970 1127; x_wconf 88' lang='lat' dir='ltr'>quum</span> <span class='ocrx_word' id='word_1_63' title='bbox 1007 1057 1119 1111; x_wconf 79' lang='lat' dir='ltr'>Dei</span> <span class='ocrx_word' id='word_1_64' title='bbox 1158 1059 1565 1125; x_wconf 78' lang='lat' dir='ltr'>promissiones</span> <span class='ocrx_word' id='word_1_65' title='bbox 1606 1064 1835 1110; x_wconf 89' lang='lat' dir='ltr'>tantum</span> <span class='ocrx_word' id='word_1_66' title='bbox 1868 1058 2181 1128; x_wconf 62' lang='lat' dir='ltr'>libassem,</span> <span class='ocrx_word' id='word_1_67' title='bbox 2234 1066 2519 1129; x_wconf 75' lang='lat' dir='ltr'>tanquam</span> 
     </span>
     <span class='ocr_line' id='line_1_11' title="bbox 215 1128 2521 1197; baseline -0.001 -13"><span class='ocrx_word' id='word_1_68' title='bbox 215 1131 454 1184; x_wconf 86' lang='lat' dir='ltr'>illarum</span> <span class='ocrx_word' id='word_1_69' title='bbox 499 1129 806 1180; x_wconf 83' lang='lat' dir='ltr'>dulcedine</span> <span class='ocrx_word' id='word_1_70' title='bbox 835 1128 1088 1195; x_wconf 81' lang='lat' dir='ltr'>satiati,</span> <span class='ocrx_word' id='word_1_71' title='bbox 1122 1128 1404 1197; x_wconf 81' lang='lat' dir='ltr'>quicquid</span> <span class='ocrx_word' id='word_1_72' title='bbox 1430 1129 1493 1180; x_wconf 87' lang='lat' dir='ltr'>in</span> <span class='ocrx_word' id='word_1_73' title='bbox 1524 1129 1739 1180; x_wconf 88' lang='lat' dir='ltr'>mundo</span> <span class='ocrx_word' id='word_1_74' title='bbox 1771 1136 1933 1194; x_wconf 85' lang='lat' dir='ltr'>erat,</span> <span class='ocrx_word' id='word_1_75' title='bbox 1983 1138 2357 1196; x_wconf 79' lang='lat' dir='ltr'>spreverunt,</span> <span class='ocrx_word' id='word_1_76' title='bbox 2406 1134 2521 1182; x_wconf 82' lang='lat' dir='ltr'>nec</span> 
     </span>
     <span class='ocr_line' id='line_1_12' title="bbox 215 1198 2593 1270; baseline -0.001 -17"><span class='ocrx_word' id='word_1_77' title='bbox 215 1208 496 1270; x_wconf 69' lang='lat' dir='ltr'>unquam=</span> <span class='ocrx_word' id='word_1_78' title='bbox 519 1200 750 1252; x_wconf 85' lang='lat' dir='ltr'>illarum</span> <span class='ocrx_word' id='word_1_79' title='bbox 786 1207 1021 1266; x_wconf 84' lang='lat' dir='ltr'>gustum</span> <span class='ocrx_word' id='word_1_80' title='bbox 1042 1236 1059 1266; x_wconf 91' lang='lat'>,</span> <span class='ocrx_word' id='word_1_81' title='bbox 1110 1200 1478 1268; x_wconf 86' lang='lat' dir='ltr'>quantumvis</span> <span class='ocrx_word' id='word_1_82' title='bbox 1509 1208 1777 1264; x_wconf 89' lang='lat' dir='ltr'>tenuem,</span> <span class='ocrx_word' id='word_1_83' title='bbox 1833 1198 2001 1250; x_wconf 89' lang='lat' dir='ltr'>obliti</span> <span class='ocrx_word' id='word_1_84' title='bbox 2028 1206 2163 1248; x_wconf 88' lang='lat' dir='ltr'>sunt</span> <span class='ocrx_word' id='word_1_85' title='bbox 2189 1198 2278 1250; x_wconf 86' lang='lat' dir='ltr'>vel</span> <span class='ocrx_word' id='word_1_86' title='bbox 2308 1200 2368 1251; x_wconf 92' lang='lat' dir='ltr'>in</span> <span class='ocrx_word' id='word_1_87' title='bbox 2402 1201 2521 1253; x_wconf 79' lang='lat' dir='ltr'>vita</span> <span class='ocrx_word' id='word_1_88' title='bbox 2570 1214 2593 1251; x_wconf 54' lang='grc' dir='ltr'>ς</span> 
     </span>
     <span class='ocr_line' id='line_1_13' title="bbox 218 1267 2523 1339; baseline -0.001 -16"><span class='ocrx_word' id='word_1_89' title='bbox 218 1273 314 1327; x_wconf 80' lang='lat' dir='ltr'>vel</span> <span class='ocrx_word' id='word_1_90' title='bbox 342 1272 402 1322; x_wconf 89' lang='lat' dir='ltr'>in</span> <span class='ocrx_word' id='word_1_91' title='bbox 437 1279 657 1335; x_wconf 86' lang='lat' dir='ltr'>morte,</span> <span class='ocrx_word' id='word_1_92' title='bbox 701 1283 1032 1339; x_wconf 84' lang='lat' dir='ltr'>quanquam</span> <span class='ocrx_word' id='word_1_93' title='bbox 1063 1270 1383 1335; x_wconf 86' lang='lat' dir='ltr'>particula:</span> <span class='ocrx_word' id='word_1_94' title='bbox 1436 1269 1763 1321; x_wconf 88' lang='lat' dir='ltr'>Secundum</span> <span class='ocrx_word' id='word_1_95' title='bbox 1794 1267 2006 1335; x_wconf 84' lang='lat' dir='ltr'>fidem,</span> <span class='ocrx_word' id='word_1_96' title='bbox 2044 1268 2317 1321; x_wconf 80' lang='lat' dir='ltr'>bifariam</span> <span class='ocrx_word' id='word_1_97' title='bbox 2345 1285 2523 1338; x_wconf 87' lang='lat' dir='ltr'>expo-</span> 
     </span>
     <span class='ocr_line' id='line_1_14' title="bbox 216 1337 2519 1409; baseline -0.001 -16"><span class='ocrx_word' id='word_1_98' title='bbox 216 1344 404 1394; x_wconf 77' lang='lat' dir='ltr'>nitur.</span> <span class='ocrx_word' id='word_1_99' title='bbox 480 1340 729 1408; x_wconf 87' lang='lat' dir='ltr'>Quidam</span> <span class='ocrx_word' id='word_1_100' title='bbox 762 1337 1104 1407; x_wconf 74' lang='lat' dir='ltr'>simpliciter</span> <span class='ocrx_word' id='word_1_101' title='bbox 1127 1339 1493 1409; x_wconf 78' lang='lat' dir='ltr'>intelligunt,</span> <span class='ocrx_word' id='word_1_102' title='bbox 1534 1337 2054 1393; x_wconf 74' lang='lat' dir='ltr'>secundumi&#39;idem</span> <span class='ocrx_word' id='word_1_103' title='bbox 2084 1356 2206 1389; x_wconf 87' lang='lat' dir='ltr'>esse</span> <span class='ocrx_word' id='word_1_104' title='bbox 2236 1348 2519 1407; x_wconf 78' lang='lat' dir='ltr'>mortuos,</span> 
     </span>
     <span class='ocr_line' id='line_1_15' title="bbox 218 1408 2524 1481; baseline -0.001 -18"><span class='ocrx_word' id='word_1_105' title='bbox 218 1412 366 1481; x_wconf 78' lang='lat' dir='ltr'>quia</span> <span class='ocrx_word' id='word_1_106' title='bbox 392 1414 452 1461; x_wconf 84' lang='lat' dir='ltr'>in</span> <span class='ocrx_word' id='word_1_107' title='bbox 475 1408 589 1461; x_wconf 86' lang='lat' dir='ltr'>hac</span> <span class='ocrx_word' id='word_1_108' title='bbox 623 1411 737 1461; x_wconf 87' lang='lat' dir='ltr'>vita</span> <span class='ocrx_word' id='word_1_109' title='bbox 763 1424 1064 1476; x_wconf 87' lang='lat' dir='ltr'>nunquam</span> <span class='ocrx_word' id='word_1_110' title='bbox 1091 1410 1392 1476; x_wconf 75' lang='lat' dir='ltr'>promissis</span> <span class='ocrx_word' id='word_1_111' title='bbox 1422 1410 1589 1460; x_wconf 87' lang='lat' dir='ltr'>bonis</span> <span class='ocrx_word' id='word_1_112' title='bbox 1616 1408 1781 1476; x_wconf 86' lang='lat' dir='ltr'>potiti</span> <span class='ocrx_word' id='word_1_113' title='bbox 1807 1408 1950 1473; x_wconf 89' lang='lat' dir='ltr'>sint,</span> <span class='ocrx_word' id='word_1_114' title='bbox 1984 1409 2154 1460; x_wconf 86' lang='lat' dir='ltr'>sicuti</span> <span class='ocrx_word' id='word_1_115' title='bbox 2177 1408 2351 1462; x_wconf 84' lang='lat' dir='ltr'>hodie</span> <span class='ocrx_word' id='word_1_116' title='bbox 2375 1425 2524 1479; x_wconf 87' lang='lat' dir='ltr'>quo-</span> 
     </span>
    </p>
   </div>
   <div class='ocr_carea' id='block_1_7' title="bbox 103 1478 2523 1551">
    <p class='ocr_par' dir='ltr' id='par_1_7' title="bbox 103 1478 2523 1551">
     <span class='ocr_line' id='line_1_16' title="bbox 103 1478 2523 1551; baseline -0 -18"><span class='ocrx_word' id='word_1_117' title='bbox 103 1528 126 1539; x_wconf 54' lang='lat'>„</span> <span class='ocrx_word' id='word_1_118' title='bbox 221 1498 342 1551; x_wconf 82' lang='lat' dir='ltr'>que</span> <span class='ocrx_word' id='word_1_119' title='bbox 380 1480 480 1532; x_wconf 87' lang='lat' dir='ltr'>sub</span> <span class='ocrx_word' id='word_1_120' title='bbox 525 1498 622 1548; x_wconf 87' lang='lat' dir='ltr'>spe</span> <span class='ocrx_word' id='word_1_121' title='bbox 661 1480 828 1531; x_wconf 86' lang='lat' dir='ltr'>nobis</span> <span class='ocrx_word' id='word_1_122' title='bbox 870 1479 1210 1532; x_wconf 85' lang='lat' dir='ltr'>abscondita</span> <span class='ocrx_word' id='word_1_123' title='bbox 1255 1490 1344 1531; x_wconf 88' lang='lat' dir='ltr'>est</span> <span class='ocrx_word' id='word_1_124' title='bbox 1380 1480 1552 1532; x_wconf 82' lang='lat' dir='ltr'>salus.</span> <span class='ocrx_word' id='word_1_125' title='bbox 1621 1480 1742 1547; x_wconf 86' lang='lat' dir='ltr'>Ego</span> <span class='ocrx_word' id='word_1_126' title='bbox 1769 1486 1969 1531; x_wconf 88' lang='lat' dir='ltr'>tamen</span> <span class='ocrx_word' id='word_1_127' title='bbox 2000 1478 2074 1530; x_wconf 89' lang='lat' dir='ltr'>iis</span> <span class='ocrx_word' id='word_1_128' title='bbox 2099 1482 2290 1547; x_wconf 88' lang='lat' dir='ltr'>potius</span> <span class='ocrx_word' id='word_1_129' title='bbox 2322 1497 2523 1532; x_wconf 89' lang='lat' dir='ltr'>assen-</span> 
     </span>
    </p>
   </div>
   <div class='ocr_carea' id='block_1_8' title="bbox 199 1548 2565 2815">
    <p class='ocr_par' dir='ltr' id='par_1_8' title="bbox 199 1548 2565 2815">
     <span class='ocr_line' id='line_1_17' title="bbox 220 1548 2521 1623; baseline 0 -21"><span class='ocrx_word' id='word_1_130' title='bbox 220 1553 381 1617; x_wconf 79' lang='lat' dir='ltr'>tior,</span> <span class='ocrx_word' id='word_1_131' title='bbox 430 1553 526 1619; x_wconf 84' lang='lat' dir='ltr'>qui</span> <span class='ocrx_word' id='word_1_132' title='bbox 566 1551 663 1601; x_wconf 89' lang='lat' dir='ltr'>hic</span> <span class='ocrx_word' id='word_1_133' title='bbox 697 1550 897 1615; x_wconf 69' lang='lat' dir='ltr'>notari</span> <span class='ocrx_word' id='word_1_134' title='bbox 935 1551 1092 1601; x_wconf 88' lang='lat' dir='ltr'>inter</span> <span class='ocrx_word' id='word_1_135' title='bbox 1122 1567 1226 1602; x_wconf 88' lang='lat' dir='ltr'>nos</span> <span class='ocrx_word' id='word_1_136' title='bbox 1260 1559 1314 1601; x_wconf 90' lang='lat' dir='ltr'>et</span> <span class='ocrx_word' id='word_1_137' title='bbox 1351 1550 1555 1623; x_wconf 70' lang='lat' dir='ltr'>Patras</span> <span class='ocrx_word' id='word_1_138' title='bbox 1584 1548 1897 1601; x_wconf 80' lang='lat' dir='ltr'>discrimen</span> <span class='ocrx_word' id='word_1_139' title='bbox 1926 1557 2167 1615; x_wconf 88' lang='lat' dir='ltr'>putant,</span> <span class='ocrx_word' id='word_1_140' title='bbox 2220 1559 2391 1620; x_wconf 90' lang='lat' dir='ltr'>atque</span> <span class='ocrx_word' id='word_1_141' title='bbox 2433 1551 2521 1603; x_wconf 77' lang='lat' dir='ltr'>ita</span> 
     </span>
     <span class='ocr_line' id='line_1_18' title="bbox 225 1618 2522 1690; baseline 0 -17"><span class='ocrx_word' id='word_1_142' title='bbox 225 1638 487 1690; x_wconf 80' lang='lat' dir='ltr'>expono:</span> <span class='ocrx_word' id='word_1_143' title='bbox 541 1623 731 1690; x_wconf 88' lang='lat' dir='ltr'>Quum</span> <span class='ocrx_word' id='word_1_144' title='bbox 762 1622 928 1683; x_wconf 74' lang='lat' dir='ltr'>Deus</span> <span class='ocrx_word' id='word_1_145' title='bbox 945 1619 1229 1688; x_wconf 89' lang='lat' dir='ltr'>gratiam,</span> <span class='ocrx_word' id='word_1_146' title='bbox 1277 1636 1427 1689; x_wconf 86' lang='lat' dir='ltr'>quae</span> <span class='ocrx_word' id='word_1_147' title='bbox 1463 1621 1526 1671; x_wconf 85' lang='lat' dir='ltr'>in</span> <span class='ocrx_word' id='word_1_148' title='bbox 1551 1636 1656 1672; x_wconf 88' lang='lat' dir='ltr'>nos</span> <span class='ocrx_word' id='word_1_149' title='bbox 1684 1619 1843 1687; x_wconf 81' lang='lat' dir='ltr'>large</span> <span class='ocrx_word' id='word_1_150' title='bbox 1871 1618 2051 1670; x_wconf 85' lang='lat' dir='ltr'>effusa</span> <span class='ocrx_word' id='word_1_151' title='bbox 2082 1627 2200 1687; x_wconf 79' lang='lat' dir='ltr'>est,</span> <span class='ocrx_word' id='word_1_152' title='bbox 2247 1620 2522 1674; x_wconf 86' lang='lat' dir='ltr'>Patribus</span> 
     </span>
     <span class='ocr_line' id='line_1_19' title="bbox 207 1688 2517 1760; baseline -0 -16"><span class='ocrx_word' id='word_1_153' title='bbox 207 1691 509 1743; x_wconf 76' lang='lat' dir='ltr'><strong>‘duntaxat</strong></span> <span class='ocrx_word' id='word_1_154' title='bbox 537 1693 882 1760; x_wconf 79' lang='lat' dir='ltr'>gustandam</span> <span class='ocrx_word' id='word_1_155' title='bbox 914 1690 1281 1758; x_wconf 78' lang='lat' dir='ltr'>praebuerit,</span> <span class='ocrx_word' id='word_1_156' title='bbox 1337 1707 1511 1759; x_wconf 81' lang='lat' dir='ltr'>quum</span> <span class='ocrx_word' id='word_1_157' title='bbox 1539 1693 1761 1741; x_wconf 89' lang='lat' dir='ltr'>eminus</span> <span class='ocrx_word' id='word_1_158' title='bbox 1793 1688 1910 1740; x_wconf 83' lang='lat' dir='ltr'>illis</span> <span class='ocrx_word' id='word_1_159' title='bbox 1953 1689 2271 1740; x_wconf 85' lang='lat' dir='ltr'>ostenderit</span> <span class='ocrx_word' id='word_1_160' title='bbox 2309 1692 2517 1743; x_wconf 89' lang='lat' dir='ltr'>obscu-</span> 
     </span>
     <span class='ocr_line' id='line_1_20' title="bbox 215 1759 2520 1830; baseline 0 -16"><span class='ocrx_word' id='word_1_161' title='bbox 215 1778 353 1814; x_wconf 86' lang='lat' dir='ltr'>ram</span> <span class='ocrx_word' id='word_1_162' title='bbox 382 1761 596 1812; x_wconf 80' lang='lat' dir='ltr'>Christi</span> <span class='ocrx_word' id='word_1_163' title='bbox 628 1761 981 1828; x_wconf 76' lang='lat' dir='ltr'>imaginem,</span> <span class='ocrx_word' id='word_1_164' title='bbox 1037 1761 1136 1830; x_wconf 87' lang='lat' dir='ltr'>qui</span> <span class='ocrx_word' id='word_1_165' title='bbox 1173 1776 1330 1812; x_wconf 89' lang='lat' dir='ltr'>nunc</span> <span class='ocrx_word' id='word_1_166' title='bbox 1360 1778 1420 1811; x_wconf 92' lang='lat' dir='ltr'>se</span> <span class='ocrx_word' id='word_1_167' title='bbox 1454 1759 1930 1828; x_wconf 86' lang='lat' dir='ltr'>conspiciendum</span> <span class='ocrx_word' id='word_1_168' title='bbox 1969 1760 2132 1829; x_wconf 84' lang='lat' dir='ltr'>quasi</span> <span class='ocrx_word' id='word_1_169' title='bbox 2172 1759 2278 1811; x_wconf 88' lang='lat' dir='ltr'>sub</span> <span class='ocrx_word' id='word_1_170' title='bbox 2318 1761 2520 1815; x_wconf 88' lang='lat' dir='ltr'>oculos</span> 
     </span>
     <span class='ocr_line' id='line_1_21' title="bbox 216 1830 2521 1899; baseline 0.001 -16"><span class='ocrx_word' id='word_1_171' title='bbox 216 1841 454 1883; x_wconf 82' lang='lat' dir='ltr'>nostros</span> <span class='ocrx_word' id='word_1_172' title='bbox 492 1832 693 1883; x_wconf 83' lang='lat' dir='ltr'>offert:</span> <span class='ocrx_word' id='word_1_173' title='bbox 756 1841 954 1898; x_wconf 81' lang='lat' dir='ltr'>tamen</span> <span class='ocrx_word' id='word_1_174' title='bbox 994 1830 1444 1899; x_wconf 85' lang='lat' dir='ltr'>acquieverunt,</span> <span class='ocrx_word' id='word_1_175' title='bbox 1514 1844 1622 1882; x_wconf 77' lang='lat' dir='ltr'>nec</span> <span class='ocrx_word' id='word_1_176' title='bbox 1666 1831 2304 1899; x_wconf 74' lang='lat' dir='ltr'>unquamexciderunt</span> <span class='ocrx_word' id='word_1_177' title='bbox 2348 1849 2380 1882; x_wconf 88' lang='lat' dir='ltr'>a</span> <span class='ocrx_word' id='word_1_178' title='bbox 2417 1849 2521 1887; x_wconf 74' lang='lat' dir='ltr'>sua</span> 
     </span>
     <span class='ocr_line' id='line_1_22' title="bbox 201 1899 2551 1971; baseline 0 -17"><span class='ocrx_word' id='word_1_179' title='bbox 201 1902 370 1954; x_wconf 75' lang='lat' dir='ltr'>‘fidet</span> <span class='ocrx_word' id='word_1_180' title='bbox 410 1910 625 1971; x_wconf 85' lang='lat' dir='ltr'>quanto</span> <span class='ocrx_word' id='word_1_181' title='bbox 654 1903 818 1953; x_wconf 85' lang='lat' dir='ltr'>nobis</span> <span class='ocrx_word' id='word_1_182' title='bbox 847 1900 1021 1959; x_wconf 84' lang='lat' dir='ltr'>hodie</span> <span class='ocrx_word' id='word_1_183' title='bbox 1048 1902 1299 1969; x_wconf 85' lang='lat' dir='ltr'>amplior</span> <span class='ocrx_word' id='word_1_184' title='bbox 1328 1903 1497 1967; x_wconf 79' lang='lat' dir='ltr'>datur</span> <span class='ocrx_word' id='word_1_185' title='bbox 1525 1899 1936 1970; x_wconf 86' lang='lat' dir='ltr'>perseverandi</span> <span class='ocrx_word' id='word_1_186' title='bbox 1968 1900 2255 1953; x_wconf 80' lang='lat' dir='ltr'>materia?</span> <span class='ocrx_word' id='word_1_187' title='bbox 2327 1902 2388 1953; x_wconf 90' lang='lat' dir='ltr'>Si</span> <span class='ocrx_word' id='word_1_188' title='bbox 2419 1903 2551 1954; x_wconf 57' lang='lat' dir='ltr'>dem</span> 
     </span>
     <span class='ocr_line' id='line_1_23' title="bbox 217 1969 2522 2048; baseline 0.001 -24"><span class='ocrx_word' id='word_1_189' title='bbox 217 1972 488 2038; x_wconf 83' lang='lat' dir='ltr'>ficimus,</span> <span class='ocrx_word' id='word_1_190' title='bbox 543 1972 625 2023; x_wconf 88' lang='lat' dir='ltr'>bis</span> <span class='ocrx_word' id='word_1_191' title='bbox 660 1988 853 2023; x_wconf 82' lang='lat' dir='ltr'>sumus</span> <span class='ocrx_word' id='word_1_192' title='bbox 877 1972 1317 2048; x_wconf 60' lang='lat' dir='ltr'>ineigcusab&#39;iles.</span> <span class='ocrx_word' id='word_1_193' title='bbox 1385 1972 1547 2022; x_wconf 84' lang='lat' dir='ltr'>Haec</span> <span class='ocrx_word' id='word_1_194' title='bbox 1573 1986 1710 2038; x_wconf 89' lang='lat' dir='ltr'>ergo</span> <span class='ocrx_word' id='word_1_195' title='bbox 1741 1969 2177 2022; x_wconf 77' lang='lat' dir='ltr'>circumstantia</span> <span class='ocrx_word' id='word_1_196' title='bbox 2205 1971 2522 2037; x_wconf 81' lang='lat' dir='ltr'>plurimum</span> 
     </span>
     <span class='ocr_line' id='line_1_24' title="bbox 216 2038 2521 2112; baseline 0 -18"><span class='ocrx_word' id='word_1_197' title='bbox 216 2050 399 2109; x_wconf 75' lang='lat' dir='ltr'>auget</span> <span class='ocrx_word' id='word_1_198' title='bbox 419 2080 435 2108; x_wconf 93' lang='lat'>,</span> <span class='ocrx_word' id='word_1_199' title='bbox 474 2043 624 2109; x_wconf 88' lang='lat' dir='ltr'>quod</span> <span class='ocrx_word' id='word_1_200' title='bbox 660 2042 862 2109; x_wconf 88' lang='lat' dir='ltr'>procul</span> <span class='ocrx_word' id='word_1_201' title='bbox 890 2041 1088 2094; x_wconf 85' lang='lat' dir='ltr'>intuiti</span> <span class='ocrx_word' id='word_1_202' title='bbox 1124 2051 1257 2093; x_wconf 89' lang='lat' dir='ltr'>sunt</span> <span class='ocrx_word' id='word_1_203' title='bbox 1282 2042 1486 2093; x_wconf 87' lang='lat' dir='ltr'>Patres</span> <span class='ocrx_word' id='word_1_204' title='bbox 1516 2041 1823 2112; x_wconf 84' lang='lat' dir='ltr'>spirituale</span> <span class='ocrx_word' id='word_1_205' title='bbox 1854 2038 2069 2093; x_wconf 87' lang='lat' dir='ltr'>Christi</span> <span class='ocrx_word' id='word_1_206' title='bbox 2093 2057 2339 2108; x_wconf 86' lang='lat' dir='ltr'>regnum</span> <span class='ocrx_word' id='word_1_207' title='bbox 2358 2081 2375 2109; x_wconf 94' lang='lat'>,</span> <span class='ocrx_word' id='word_1_208' title='bbox 2416 2059 2521 2095; x_wconf 89' lang='lat' dir='ltr'>cu-</span> 
     </span>
     <span class='ocr_line' id='line_1_25' title="bbox 212 2106 2517 2181; baseline -0 -15"><span class='ocrx_word' id='word_1_209' title='bbox 212 2115 312 2166; x_wconf 85' lang='lat' dir='ltr'>ius</span> <span class='ocrx_word' id='word_1_210' title='bbox 339 2112 511 2162; x_wconf 84' lang='lat' dir='ltr'>hodie</span> <span class='ocrx_word' id='word_1_211' title='bbox 535 2123 658 2164; x_wconf 89' lang='lat' dir='ltr'>tam</span> <span class='ocrx_word' id='word_1_212' title='bbox 685 2112 1034 2181; x_wconf 86' lang='lat' dir='ltr'>propinquus</span> <span class='ocrx_word' id='word_1_213' title='bbox 1059 2121 1148 2180; x_wconf 76' lang='lat' dir='ltr'>est</span> <span class='ocrx_word' id='word_1_214' title='bbox 1181 2112 1487 2179; x_wconf 86' lang='lat' dir='ltr'>adspectus</span> <span class='ocrx_word' id='word_1_215' title='bbox 1507 2117 1541 2175; x_wconf 90' lang='lat'>,&#39;</span> <span class='ocrx_word' id='word_1_216' title='bbox 1573 2106 1727 2180; x_wconf 77' lang='lat' dir='ltr'>quod</span> <span class='ocrx_word' id='word_1_217' title='bbox 1762 2109 1963 2178; x_wconf 88' lang='lat' dir='ltr'>procul</span> <span class='ocrx_word' id='word_1_218' title='bbox 2005 2112 2332 2163; x_wconf 77' lang='lat' dir='ltr'>salutarunt</span> <span class='ocrx_word' id='word_1_219' title='bbox 2372 2129 2517 2180; x_wconf 87' lang='lat' dir='ltr'>pro-</span> 
     </span>
     <span class='ocr_line' id='line_1_26' title="bbox 212 2180 2519 2249; baseline 0 -14"><span class='ocrx_word' id='word_1_220' title='bbox 212 2183 560 2248; x_wconf 83' lang='lat' dir='ltr'>missiones,</span> <span class='ocrx_word' id='word_1_221' title='bbox 611 2199 759 2249; x_wconf 86' lang='lat' dir='ltr'>quae</span> <span class='ocrx_word' id='word_1_222' title='bbox 789 2191 909 2236; x_wconf 85' lang='lat' dir='ltr'>tam</span> <span class='ocrx_word' id='word_1_223' title='bbox 941 2181 1317 2234; x_wconf 81' lang='lat' dir='ltr'>familiariter</span> <span class='ocrx_word' id='word_1_224' title='bbox 1346 2183 1650 2233; x_wconf 86' lang='lat' dir='ltr'>nobiscum</span> <span class='ocrx_word' id='word_1_225' title='bbox 1679 2180 1969 2233; x_wconf 82' lang='lat' dir='ltr'>habitant.</span> <span class='ocrx_word' id='word_1_226' title='bbox 2039 2183 2186 2233; x_wconf 85' lang='lat' dir='ltr'>Nam</span> <span class='ocrx_word' id='word_1_227' title='bbox 2224 2183 2272 2234; x_wconf 89' lang='lat' dir='ltr'>si</span> <span class='ocrx_word' id='word_1_228' title='bbox 2300 2181 2389 2234; x_wconf 89' lang='lat' dir='ltr'>illi</span> <span class='ocrx_word' id='word_1_229' title='bbox 2417 2182 2519 2236; x_wconf 87' lang='lat' dir='ltr'>ni-</span> 
     </span>
     <span class='ocr_line' id='line_1_27' title="bbox 216 2251 2520 2321; baseline -0 -15"><span class='ocrx_word' id='word_1_230' title='bbox 216 2253 543 2306; x_wconf 85' lang='lat' dir='ltr'>hilominus</span> <span class='ocrx_word' id='word_1_231' title='bbox 571 2251 642 2301; x_wconf 89' lang='lat' dir='ltr'>ad</span> <span class='ocrx_word' id='word_1_232' title='bbox 672 2261 922 2303; x_wconf 86' lang='lat' dir='ltr'>mortem</span> <span class='ocrx_word' id='word_1_233' title='bbox 950 2266 1135 2321; x_wconf 86' lang='lat' dir='ltr'>usque</span> <span class='ocrx_word' id='word_1_234' title='bbox 1163 2253 1590 2305; x_wconf 85' lang='lat' dir='ltr'>sustinuerunt:</span> <span class='ocrx_word' id='word_1_235' title='bbox 1649 2260 1900 2320; x_wconf 81' lang='lat' dir='ltr'>quantae</span> <span class='ocrx_word' id='word_1_236' title='bbox 1925 2267 2080 2302; x_wconf 88' lang='lat' dir='ltr'>nunc</span> <span class='ocrx_word' id='word_1_237' title='bbox 2107 2253 2373 2320; x_wconf 85' lang='lat' dir='ltr'>ignaviae</span> <span class='ocrx_word' id='word_1_238' title='bbox 2403 2252 2520 2307; x_wconf 73' lang='lat' dir='ltr'>eris</span> 
     </span>
     <span class='ocr_line' id='line_1_28' title="bbox 199 2311 2521 2392; baseline 0.001 -18"><span class='ocrx_word' id='word_1_239' title='bbox 199 2323 461 2392; x_wconf 76' lang='lat' dir='ltr'>&#39;fatigari</span> <span class='ocrx_word' id='word_1_240' title='bbox 512 2322 838 2387; x_wconf 85' lang='lat' dir='ltr'>credendo,</span> <span class='ocrx_word' id='word_1_241' title='bbox 905 2338 1082 2392; x_wconf 89' lang='lat' dir='ltr'>quum</span> <span class='ocrx_word' id='word_1_242' title='bbox 1128 2324 1413 2376; x_wconf 83' lang='lat' dir='ltr'>Dominus</span> <span class='ocrx_word' id='word_1_243' title='bbox 1459 2333 1546 2373; x_wconf 89' lang='lat' dir='ltr'>tot</span> <span class='ocrx_word' id='word_1_244' title='bbox 1586 2311 1956 2373; x_wconf 81' lang='lat' dir='ltr'>adminiculis</span> <span class='ocrx_word' id='word_1_245' title='bbox 1997 2339 2099 2374; x_wconf 91' lang='lat' dir='ltr'>nos</span> <span class='ocrx_word' id='word_1_246' title='bbox 2137 2321 2385 2375; x_wconf 75' lang='lat' dir='ltr'>fulciat?</span> <span class='ocrx_word' id='word_1_247' title='bbox 2457 2324 2521 2377; x_wconf 83' lang='lat' dir='ltr'>Si</span> 
     </span>
     <span class='ocr_line' id='line_1_29' title="bbox 216 2390 2518 2466; baseline -0 -21"><span class='ocrx_word' id='word_1_248' title='bbox 216 2395 356 2466; x_wconf 85' lang='lat' dir='ltr'>quis</span> <span class='ocrx_word' id='word_1_249' title='bbox 387 2390 662 2461; x_wconf 83' lang='lat' dir='ltr'>obiiciat,</span> <span class='ocrx_word' id='word_1_250' title='bbox 714 2404 835 2444; x_wconf 86' lang='lat' dir='ltr'>non</span> <span class='ocrx_word' id='word_1_251' title='bbox 879 2393 1133 2462; x_wconf 86' lang='lat' dir='ltr'>potuisse</span> <span class='ocrx_word' id='word_1_252' title='bbox 1176 2409 1275 2444; x_wconf 87' lang='lat' dir='ltr'>eos</span> <span class='ocrx_word' id='word_1_253' title='bbox 1316 2390 1554 2444; x_wconf 86' lang='lat' dir='ltr'>credere</span> <span class='ocrx_word' id='word_1_254' title='bbox 1591 2393 1703 2443; x_wconf 81' lang='lat' dir='ltr'>nisi</span> <span class='ocrx_word' id='word_1_255' title='bbox 1732 2391 1988 2460; x_wconf 84' lang='lat' dir='ltr'>acceptis</span> <span class='ocrx_word' id='word_1_256' title='bbox 2017 2393 2518 2463; x_wconf 74' lang='lat' dir='ltr'>promissionibus,</span> 
     </span>
     <span class='ocr_line' id='line_1_30' title="bbox 201 2461 2522 2536; baseline 0.001 -20"><span class='ocrx_word' id='word_1_257' title='bbox 201 2468 284 2520; x_wconf 53' lang='lat' dir='ltr'>“in</span> <span class='ocrx_word' id='word_1_258' title='bbox 306 2463 528 2535; x_wconf 76' lang='lat' dir='ltr'>’quibus</span> <span class='ocrx_word' id='word_1_259' title='bbox 560 2461 1218 2517; x_wconf 76' lang='lat' dir='ltr'>necessario&#39;fundanda</span> <span class='ocrx_word' id='word_1_260' title='bbox 1253 2473 1338 2516; x_wconf 82' lang='lat' dir='ltr'>est</span> <span class='ocrx_word' id='word_1_261' title='bbox 1370 2463 1548 2516; x_wconf 84' lang='lat' dir='ltr'>fides:</span> <span class='ocrx_word' id='word_1_262' title='bbox 1594 2461 1951 2531; x_wconf 86' lang='lat' dir='ltr'>respondeo,</span> <span class='ocrx_word' id='word_1_263' title='bbox 1996 2463 2109 2515; x_wconf 85' lang='lat' dir='ltr'>hoc</span> <span class='ocrx_word' id='word_1_264' title='bbox 2145 2481 2250 2533; x_wconf 89' lang='lat' dir='ltr'>per</span> <span class='ocrx_word' id='word_1_265' title='bbox 2284 2482 2522 2536; x_wconf 88' lang='lat' dir='ltr'>compa-</span> 
     </span>
     <span class='ocr_line' id='line_1_31' title="bbox 213 2533 2565 2604; baseline 0 -16"><span class='ocrx_word' id='word_1_266' title='bbox 213 2536 512 2588; x_wconf 86' lang='lat' dir='ltr'>rationem</span> <span class='ocrx_word' id='word_1_267' title='bbox 552 2534 687 2587; x_wconf 88' lang='lat' dir='ltr'>dici.</span> <span class='ocrx_word' id='word_1_268' title='bbox 760 2533 970 2585; x_wconf 89' lang='lat' dir='ltr'>Procul</span> <span class='ocrx_word' id='word_1_269' title='bbox 1008 2535 1165 2586; x_wconf 89' lang='lat' dir='ltr'>enim</span> <span class='ocrx_word' id='word_1_270' title='bbox 1203 2535 1274 2586; x_wconf 86' lang='lat' dir='ltr'>ab</span> <span class='ocrx_word' id='word_1_271' title='bbox 1319 2533 1434 2584; x_wconf 89' lang='lat' dir='ltr'>hoc</span> <span class='ocrx_word' id='word_1_272' title='bbox 1471 2533 1653 2604; x_wconf 74' lang='lat' dir='ltr'>gradu</span> <span class='ocrx_word' id='word_1_273' title='bbox 1698 2534 2043 2601; x_wconf 82' lang='lat' dir='ltr'>abfuerunt,</span> <span class='ocrx_word' id='word_1_274' title='bbox 2095 2535 2159 2586; x_wconf 89' lang='lat' dir='ltr'>in</span> <span class='ocrx_word' id='word_1_275' title='bbox 2198 2551 2370 2604; x_wconf 86' lang='lat' dir='ltr'>quem</span> <span class='ocrx_word' id='word_1_276' title='bbox 2412 2550 2523 2589; x_wconf 79' lang='lat' dir='ltr'>nos</span> <span class='ocrx_word' id='word_1_277' title='bbox 2561 2571 2565 2576; x_wconf 91' lang='lat'>-</span> 
     </span>
     <span class='ocr_line' id='line_1_32' title="bbox 217 2601 2523 2674; baseline -0.001 -14"><span class='ocrx_word' id='word_1_278' title='bbox 217 2607 379 2660; x_wconf 85' lang='lat' dir='ltr'>Deus</span> <span class='ocrx_word' id='word_1_279' title='bbox 425 2604 627 2672; x_wconf 80' lang='lat' dir='ltr'>evexit.</span> <span class='ocrx_word' id='word_1_280' title='bbox 696 2603 949 2655; x_wconf 85' lang='lat' dir='ltr'>Proinde</span> <span class='ocrx_word' id='word_1_281' title='bbox 992 2606 1224 2656; x_wconf 88' lang='lat' dir='ltr'>tametsi</span> <span class='ocrx_word' id='word_1_282' title='bbox 1267 2601 1468 2656; x_wconf 77' lang='lat' dir='ltr'>eadem</span> <span class='ocrx_word' id='word_1_283' title='bbox 1512 2604 1627 2655; x_wconf 83' lang='lat' dir='ltr'>illis</span> <span class='ocrx_word' id='word_1_284' title='bbox 1668 2604 1824 2656; x_wconf 80' lang='lat' dir='ltr'>salus</span> <span class='ocrx_word' id='word_1_285' title='bbox 1866 2602 1979 2654; x_wconf 75' lang='lat' dir='ltr'>fuit</span> <span class='ocrx_word' id='word_1_286' title='bbox 2021 2607 2351 2673; x_wconf 76' lang='lat' dir='ltr'>promissa,</span> <span class='ocrx_word' id='word_1_287' title='bbox 2384 2622 2523 2674; x_wconf 86' lang='lat' dir='ltr'>pro-</span> 
     </span>
     <span class='ocr_line' id='line_1_33' title="bbox 203 2673 2518 2744; baseline 0 -16"><span class='ocrx_word' id='word_1_288' title='bbox 203 2676 562 2728; x_wconf 59' lang='lat' dir='ltr'>‘missionum</span> <span class='ocrx_word' id='word_1_289' title='bbox 593 2685 783 2726; x_wconf 87' lang='lat' dir='ltr'>tamen</span> <span class='ocrx_word' id='word_1_290' title='bbox 815 2674 1179 2741; x_wconf 78' lang='lat' dir='ltr'>claritatem,</span> <span class='ocrx_word' id='word_1_291' title='bbox 1216 2692 1331 2744; x_wconf 87' lang='lat' dir='ltr'>qua</span> <span class='ocrx_word' id='word_1_292' title='bbox 1358 2676 1462 2727; x_wconf 90' lang='lat' dir='ltr'>sub</span> <span class='ocrx_word' id='word_1_293' title='bbox 1494 2674 1710 2727; x_wconf 85' lang='lat' dir='ltr'>Christi</span> <span class='ocrx_word' id='word_1_294' title='bbox 1739 2689 1919 2742; x_wconf 86' lang='lat' dir='ltr'>regno</span> <span class='ocrx_word' id='word_1_295' title='bbox 1946 2673 2226 2741; x_wconf 84' lang='lat' dir='ltr'>fruimur,</span> <span class='ocrx_word' id='word_1_296' title='bbox 2265 2691 2378 2727; x_wconf 90' lang='lat' dir='ltr'>non</span> <span class='ocrx_word' id='word_1_297' title='bbox 2410 2675 2518 2728; x_wconf 85' lang='lat' dir='ltr'>ha-</span> 
     </span>
     <span class='ocr_line' id='line_1_34' title="bbox 211 2744 2513 2815; baseline 0 -20"><span class='ocrx_word' id='word_1_298' title='bbox 211 2745 470 2806; x_wconf 57' lang='lat' dir='ltr'>bebant}</span> <span class='ocrx_word' id='word_1_299' title='bbox 525 2744 624 2796; x_wconf 89' lang='lat' dir='ltr'>sed</span> <span class='ocrx_word' id='word_1_300' title='bbox 668 2744 932 2796; x_wconf 86' lang='lat' dir='ltr'>contenti</span> <span class='ocrx_word' id='word_1_301' title='bbox 972 2744 1209 2795; x_wconf 85' lang='lat' dir='ltr'>fuerunt</span> <span class='ocrx_word' id='word_1_302' title='bbox 1248 2761 1384 2798; x_wconf 85' lang='lat' dir='ltr'>eam</span> <span class='ocrx_word' id='word_1_303' title='bbox 1421 2745 1624 2815; x_wconf 89' lang='lat' dir='ltr'>procul</span> <span class='ocrx_word' id='word_1_304' title='bbox 1655 2745 1971 2813; x_wconf 70' lang='lat' dir='ltr'>adspicere.</span> <span class='ocrx_word' id='word_1_305' title='bbox 2110 2749 2189 2797; x_wconf 84' lang='lat' dir='ltr'>Et</span> <span class='ocrx_word' id='word_1_306' title='bbox 2228 2745 2513 2813; x_wconf 76' lang='lat' dir='ltr'>confessi,</span> 
     </span>
    </p>
   </div>
   <div class='ocr_carea' id='block_1_9' title="bbox 115 2810 2523 2887">
    <p class='ocr_par' dir='ltr' id='par_1_9' title="bbox 115 2810 2523 2887">
     <span class='ocr_line' id='line_1_35' title="bbox 115 2810 2523 2887; baseline 0 -22"><span class='ocrx_word' id='word_1_307' title='bbox 115 2853 153 2870; x_wconf 70' lang='grc'>.,</span> <span class='ocrx_word' id='word_1_308' title='bbox 209 2810 377 2887; x_wconf 69' lang='lat' dir='ltr'>&#39;quod</span> <span class='ocrx_word' id='word_1_309' title='bbox 407 2816 678 2883; x_wconf 70' lang='lat' dir='ltr'>hospites.</span> <span class='ocrx_word' id='word_1_310' title='bbox 753 2815 880 2866; x_wconf 80' lang='lat' dir='ltr'>Hoc</span> <span class='ocrx_word' id='word_1_311' title='bbox 899 2815 1072 2867; x_wconf 84' lang='lat' dir='ltr'>Iacob</span> <span class='ocrx_word' id='word_1_312' title='bbox 1105 2815 1450 2882; x_wconf 87' lang='lat' dir='ltr'>confitetur,</span> <span class='ocrx_word' id='word_1_313' title='bbox 1493 2832 1670 2885; x_wconf 85' lang='lat' dir='ltr'>quum</span> <span class='ocrx_word' id='word_1_314' title='bbox 1685 2814 1973 2869; x_wconf 78' lang='lat' dir='ltr'>Pharaoni</span> <span class='ocrx_word' id='word_1_315' title='bbox 1994 2815 2336 2884; x_wconf 80' lang='lat' dir='ltr'>respondet,</span> <span class='ocrx_word' id='word_1_316' title='bbox 2368 2822 2523 2866; x_wconf 81' lang='lat' dir='ltr'>tem-</span> 
     </span>
    </p>
   </div>
   <div class='ocr_carea' id='block_1_10' title="bbox 143 4003 186 4014">
    <p class='ocr_par' dir='ltr' id='par_1_10' title="bbox 143 4003 186 4014">
     <span class='ocr_line' id='line_1_36' title="bbox 143 4003 186 4014; baseline 0 0"><span class='ocrx_word' id='word_1_317' title='bbox 143 4007 146 4010; x_wconf 66' lang='lat'><strong>&gt;</strong></span> <span class='ocrx_word' id='word_1_318' title='bbox 161 4003 186 4014; x_wconf 71' lang='lat' dir='ltr'><em>l</em></span> 
     </span>
    </p>
   </div>
   <div class='ocr_carea' id='block_1_11' title="bbox 201 2884 2549 4074">
    <p class='ocr_par' dir='ltr' id='par_1_11' title="bbox 201 2884 2549 3712">
     <span class='ocr_line' id='line_1_37' title="bbox 215 2884 2522 2955; baseline 0.002 -22"><span class='ocrx_word' id='word_1_319' title='bbox 215 2900 333 2955; x_wconf 86' lang='lat' dir='ltr'>pus</span> <span class='ocrx_word' id='word_1_320' title='bbox 365 2884 850 2953; x_wconf 82' lang='lat' dir='ltr'>peregrinationis</span> <span class='ocrx_word' id='word_1_321' title='bbox 883 2901 1020 2936; x_wconf 87' lang='lat' dir='ltr'>suae</span> <span class='ocrx_word' id='word_1_322' title='bbox 1051 2884 1226 2935; x_wconf 81' lang='lat' dir='ltr'>breve</span> <span class='ocrx_word' id='word_1_323' title='bbox 1253 2886 1426 2937; x_wconf 82' lang='lat' dir='ltr'>fuisse</span> <span class='ocrx_word' id='word_1_324' title='bbox 1453 2895 1592 2954; x_wconf 74' lang='lat' dir='ltr'>prae¹</span> <span class='ocrx_word' id='word_1_325' title='bbox 1617 2894 1878 2955; x_wconf 84' lang='lat' dir='ltr'>tempore</span> <span class='ocrx_word' id='word_1_326' title='bbox 1905 2884 2391 2953; x_wconf 85' lang='lat' dir='ltr'>peregrinationis</span> <span class='ocrx_word' id='word_1_327' title='bbox 2406 2885 2522 2938; x_wconf 80' lang='lat' dir='ltr'>Pa-</span> 
     </span>
     <span class='ocr_line' id='line_1_38' title="bbox 203 2954 2520 3025; baseline 0 -19"><span class='ocrx_word' id='word_1_328' title='bbox 203 2964 381 3006; x_wconf 82' lang='lat' dir='ltr'>=trum</span> <span class='ocrx_word' id='word_1_329' title='bbox 424 2970 711 3020; x_wconf 81' lang='lat' dir='ltr'>suorum,</span> <span class='ocrx_word' id='word_1_330' title='bbox 753 2956 1347 3025; x_wconf 77' lang='lat' dir='ltr'>plenumque‘multi&#39;s</span> <span class='ocrx_word' id='word_1_331' title='bbox 1387 2956 1717 3020; x_wconf 83' lang='lat' dir='ltr'>aerumnis,</span> <span class='ocrx_word' id='word_1_332' title='bbox 1774 2955 1987 3008; x_wconf 85' lang='lat' dir='ltr'>Genes.</span> <span class='ocrx_word' id='word_1_333' title='bbox 2017 2955 2106 3021; x_wconf 84' lang='lat'>47,</span> <span class='ocrx_word' id='word_1_334' title='bbox 2131 2956 2185 3009; x_wconf 91' lang='grc'>9.</span> <span class='ocrx_word' id='word_1_335' title='bbox 2253 2955 2314 3008; x_wconf 90' lang='lat' dir='ltr'>Si</span> <span class='ocrx_word' id='word_1_336' title='bbox 2342 2954 2520 3007; x_wconf 88' lang='lat' dir='ltr'>Iacob</span> 
     </span>
     <span class='ocr_line' id='line_1_39' title="bbox 201 3024 2522 3095; baseline 0.001 -21"><span class='ocrx_word' id='word_1_337' title='bbox 201 3025 591 3094; x_wconf 71' lang='lat' dir='ltr'>&#39;peregrinum</span> <span class='ocrx_word' id='word_1_338' title='bbox 635 3040 695 3076; x_wconf 87' lang='lat' dir='ltr'>se</span> <span class='ocrx_word' id='word_1_339' title='bbox 733 3026 995 3093; x_wconf 79' lang='lat' dir='ltr'>agnoscit</span> <span class='ocrx_word' id='word_1_340' title='bbox 1029 3026 1092 3076; x_wconf 87' lang='lat' dir='ltr'>in</span> <span class='ocrx_word' id='word_1_341' title='bbox 1118 3041 1188 3075; x_wconf 82' lang='lat' dir='ltr'>ea</span> <span class='ocrx_word' id='word_1_342' title='bbox 1217 3038 1374 3077; x_wconf 89' lang='lat' dir='ltr'>terra</span> <span class='ocrx_word' id='word_1_343' title='bbox 1392 3063 1408 3091; x_wconf 92' lang='lat'>,</span> <span class='ocrx_word' id='word_1_344' title='bbox 1461 3043 1610 3095; x_wconf 63' lang='lat' dir='ltr'>quae</span> <span class='ocrx_word' id='word_1_345' title='bbox 1635 3026 1726 3077; x_wconf 88' lang='lat' dir='ltr'>illi</span> <span class='ocrx_word' id='word_1_346' title='bbox 1755 3025 1819 3077; x_wconf 89' lang='lat' dir='ltr'>in</span> <span class='ocrx_word' id='word_1_347' title='bbox 1850 3033 2191 3093; x_wconf 88' lang='lat' dir='ltr'>perpetuam</span> <span class='ocrx_word' id='word_1_348' title='bbox 2216 3024 2522 3078; x_wconf 85' lang='lat' dir='ltr'>heredita·-</span> 
     </span>
     <span class='ocr_line' id='line_1_40' title="bbox 212 3093 2522 3164; baseline 0 -16"><span class='ocrx_word' id='word_1_349' title='bbox 212 3104 343 3148; x_wconf 86' lang='lat' dir='ltr'>tem</span> <span class='ocrx_word' id='word_1_350' title='bbox 373 3097 656 3164; x_wconf 85' lang='lat' dir='ltr'>promissa</span> <span class='ocrx_word' id='word_1_351' title='bbox 686 3104 845 3147; x_wconf 81' lang='lat' dir='ltr'>erat:</span> <span class='ocrx_word' id='word_1_352' title='bbox 883 3096 1023 3147; x_wconf 87' lang='lat' dir='ltr'>satis</span> <span class='ocrx_word' id='word_1_353' title='bbox 1052 3103 1244 3164; x_wconf 87' lang='lat' dir='ltr'>patet,</span> <span class='ocrx_word' id='word_1_354' title='bbox 1285 3096 1525 3148; x_wconf 87' lang='lat' dir='ltr'>minime</span> <span class='ocrx_word' id='word_1_355' title='bbox 1553 3098 1618 3147; x_wconf 90' lang='lat' dir='ltr'>in</span> <span class='ocrx_word' id='word_1_356' title='bbox 1643 3096 1861 3147; x_wconf 88' lang='lat' dir='ltr'>mundo</span> <span class='ocrx_word' id='word_1_357' title='bbox 1888 3095 2067 3149; x_wconf 75' lang='lat' dir='ltr'>fuisse</span> <span class='ocrx_word' id='word_1_358' title='bbox 2089 3093 2342 3148; x_wconf 84' lang='lat' dir='ltr'>defixum</span> <span class='ocrx_word' id='word_1_359' title='bbox 2360 3133 2378 3162; x_wconf 90' lang='lat'>,</span> <span class='ocrx_word' id='word_1_360' title='bbox 2416 3095 2522 3149; x_wconf 75' lang='lat' dir='ltr'>sed</span> 
     </span>
     <span class='ocr_line' id='line_1_41' title="bbox 212 3165 2523 3236; baseline -0 -19"><span class='ocrx_word' id='word_1_361' title='bbox 212 3175 484 3217; x_wconf 85' lang='lat' dir='ltr'>mentem</span> <span class='ocrx_word' id='word_1_362' title='bbox 517 3180 683 3236; x_wconf 86' lang='lat' dir='ltr'>supra</span> <span class='ocrx_word' id='word_1_363' title='bbox 714 3165 907 3217; x_wconf 86' lang='lat' dir='ltr'>coelos</span> <span class='ocrx_word' id='word_1_364' title='bbox 936 3165 1221 3217; x_wconf 76' lang='lat' dir='ltr'>extulisse.</span> <span class='ocrx_word' id='word_1_365' title='bbox 1293 3167 1432 3219; x_wconf 89' lang='lat' dir='ltr'>Ideo</span> <span class='ocrx_word' id='word_1_366' title='bbox 1468 3165 1646 3230; x_wconf 72' lang='lat' dir='ltr'>infert</span> <span class='ocrx_word' id='word_1_367' title='bbox 1673 3165 2013 3236; x_wconf 76' lang='lat' dir='ltr'>Apostolus,</span> <span class='ocrx_word' id='word_1_368' title='bbox 2065 3165 2265 3218; x_wconf 86' lang='lat' dir='ltr'>Patres</span> <span class='ocrx_word' id='word_1_369' title='bbox 2304 3166 2391 3217; x_wconf 88' lang='lat' dir='ltr'>ita</span> <span class='ocrx_word' id='word_1_370' title='bbox 2432 3166 2523 3218; x_wconf 85' lang='lat' dir='ltr'>lo-</span> 
     </span>
     <span class='ocr_line' id='line_1_42' title="bbox 215 3235 2522 3307; baseline 0.003 -23"><span class='ocrx_word' id='word_1_371' title='bbox 215 3236 453 3307; x_wconf 73' lang='lat' dir='ltr'>quendo</span> <span class='ocrx_word' id='word_1_372' title='bbox 491 3235 681 3301; x_wconf 84' lang='lat' dir='ltr'>palam</span> <span class='ocrx_word' id='word_1_373' title='bbox 727 3235 1075 3300; x_wconf 81' lang='lat' dir='ltr'>ostendisse,</span> <span class='ocrx_word' id='word_1_374' title='bbox 1129 3235 1237 3287; x_wconf 88' lang='lat' dir='ltr'>sibi</span> <span class='ocrx_word' id='word_1_375' title='bbox 1267 3254 1389 3290; x_wconf 85' lang='lat' dir='ltr'>esse</span> <span class='ocrx_word' id='word_1_376' title='bbox 1420 3237 1720 3289; x_wconf 88' lang='lat' dir='ltr'>meliorem</span> <span class='ocrx_word' id='word_1_377' title='bbox 1752 3237 1814 3289; x_wconf 91' lang='lat' dir='ltr'>in</span> <span class='ocrx_word' id='word_1_378' title='bbox 1847 3237 2011 3288; x_wconf 87' lang='lat' dir='ltr'>coelo</span> <span class='ocrx_word' id='word_1_379' title='bbox 2047 3236 2327 3303; x_wconf 77' lang='lat' dir='ltr'>patriam3</span> <span class='ocrx_word' id='word_1_380' title='bbox 2381 3252 2522 3290; x_wconf 84' lang='lat' dir='ltr'>nam</span> 
     </span>
     <span class='ocr_line' id='line_1_43' title="bbox 215 3303 2522 3376; baseline 0 -19"><span class='ocrx_word' id='word_1_381' title='bbox 215 3307 273 3357; x_wconf 88' lang='lat' dir='ltr'>si</span> <span class='ocrx_word' id='word_1_382' title='bbox 301 3303 399 3356; x_wconf 85' lang='lat' dir='ltr'>bic</span> <span class='ocrx_word' id='word_1_383' title='bbox 425 3303 872 3374; x_wconf 84' lang='lat' dir='ltr'>peregrinantur</span> <span class='ocrx_word' id='word_1_384' title='bbox 890 3344 907 3372; x_wconf 93' lang='lat'>‚</span> <span class='ocrx_word' id='word_1_385' title='bbox 958 3305 1098 3357; x_wconf 89' lang='lat' dir='ltr'>alibi</span> <span class='ocrx_word' id='word_1_386' title='bbox 1127 3309 1318 3375; x_wconf 88' lang='lat' dir='ltr'>patria</span> <span class='ocrx_word' id='word_1_387' title='bbox 1347 3317 1435 3358; x_wconf 84' lang='lat' dir='ltr'>est</span> <span class='ocrx_word' id='word_1_388' title='bbox 1463 3323 1531 3358; x_wconf 90' lang='lat' dir='ltr'>ac</span> <span class='ocrx_word' id='word_1_389' title='bbox 1560 3306 1674 3360; x_wconf 85' lang='lat' dir='ltr'>fixa</span> <span class='ocrx_word' id='word_1_390' title='bbox 1705 3308 1890 3360; x_wconf 88' lang='lat' dir='ltr'>sedes.</span> <span class='ocrx_word' id='word_1_391' title='bbox 1975 3305 2145 3376; x_wconf 85' lang='lat' dir='ltr'>Quod</span> <span class='ocrx_word' id='word_1_392' title='bbox 2172 3307 2220 3357; x_wconf 90' lang='lat' dir='ltr'>si</span> <span class='ocrx_word' id='word_1_393' title='bbox 2246 3305 2334 3357; x_wconf 93' lang='lat' dir='ltr'>illi</span> <span class='ocrx_word' id='word_1_394' title='bbox 2363 3305 2522 3359; x_wconf 81' lang='lat' dir='ltr'>inter</span> 
     </span>
     <span class='ocr_line' id='line_1_44' title="bbox 216 3375 2520 3446; baseline 0 -20"><span class='ocrx_word' id='word_1_395' title='bbox 216 3375 496 3429; x_wconf 85' lang='lat' dir='ltr'>obscuras</span> <span class='ocrx_word' id='word_1_396' title='bbox 525 3375 708 3427; x_wconf 83' lang='lat' dir='ltr'>nubes</span> <span class='ocrx_word' id='word_1_397' title='bbox 731 3376 793 3427; x_wconf 90' lang='lat' dir='ltr'>in</span> <span class='ocrx_word' id='word_1_398' title='bbox 819 3375 1120 3428; x_wconf 88' lang='lat' dir='ltr'>coelestem</span> <span class='ocrx_word' id='word_1_399' title='bbox 1146 3378 1398 3446; x_wconf 86' lang='lat' dir='ltr'>patriam</span> <span class='ocrx_word' id='word_1_400' title='bbox 1428 3376 1638 3429; x_wconf 86' lang='lat' dir='ltr'>animis</span> <span class='ocrx_word' id='word_1_401' title='bbox 1667 3379 2002 3443; x_wconf 78' lang='lat' dir='ltr'>evolarunt,</span> <span class='ocrx_word' id='word_1_402' title='bbox 2043 3375 2181 3445; x_wconf 79' lang='lat' dir='ltr'>q&#39;uid</span> <span class='ocrx_word' id='word_1_403' title='bbox 2209 3376 2384 3428; x_wconf 89' lang='lat' dir='ltr'>hodie</span> <span class='ocrx_word' id='word_1_404' title='bbox 2409 3392 2520 3428; x_wconf 87' lang='lat' dir='ltr'>no-</span> 
     </span>
     <span class='ocr_line' id='line_1_45' title="bbox 213 3445 2549 3518; baseline -0.001 -19"><span class='ocrx_word' id='word_1_405' title='bbox 213 3445 314 3499; x_wconf 81' lang='lat' dir='ltr'>bis</span> <span class='ocrx_word' id='word_1_406' title='bbox 356 3446 645 3515; x_wconf 84' lang='lat' dir='ltr'>agendum</span> <span class='ocrx_word' id='word_1_407' title='bbox 684 3454 809 3513; x_wconf 86' lang='lat' dir='ltr'>est,</span> <span class='ocrx_word' id='word_1_408' title='bbox 867 3447 1075 3514; x_wconf 88' lang='lat' dir='ltr'>quibus</span> <span class='ocrx_word' id='word_1_409' title='bbox 1114 3463 1145 3497; x_wconf 88' lang='lat' dir='ltr'>e</span> <span class='ocrx_word' id='word_1_410' title='bbox 1177 3449 1340 3499; x_wconf 91' lang='lat' dir='ltr'>coelo</span> <span class='ocrx_word' id='word_1_411' title='bbox 1372 3448 1748 3517; x_wconf 84' lang='lat' dir='ltr'>conspicuam</span> <span class='ocrx_word' id='word_1_412' title='bbox 1775 3462 2011 3499; x_wconf 85' lang='lat' dir='ltr'>manum</span> <span class='ocrx_word' id='word_1_413' title='bbox 2041 3445 2303 3499; x_wconf 86' lang='lat' dir='ltr'>Christus</span> <span class='ocrx_word' id='word_1_414' title='bbox 2328 3447 2549 3518; x_wconf 62' lang='lat' dir='ltr'>porri-²</span> 
     </span>
     <span class='ocr_line' id='line_1_46' title="bbox 211 3514 2517 3586; baseline 0.001 -20"><span class='ocrx_word' id='word_1_415' title='bbox 211 3514 344 3586; x_wconf 78' lang='lat' dir='ltr'>git,</span> <span class='ocrx_word' id='word_1_416' title='bbox 416 3524 481 3568; x_wconf 88' lang='lat' dir='ltr'>ut</span> <span class='ocrx_word' id='word_1_417' title='bbox 532 3532 638 3567; x_wconf 86' lang='lat' dir='ltr'>nos</span> <span class='ocrx_word' id='word_1_418' title='bbox 688 3532 881 3568; x_wconf 87' lang='lat' dir='ltr'>secum</span> <span class='ocrx_word' id='word_1_419' title='bbox 937 3516 1206 3569; x_wconf 80' lang='lat' dir='ltr'>attollat?</span> <span class='ocrx_word' id='word_1_420' title='bbox 1290 3519 1374 3571; x_wconf 84' lang='lat' dir='ltr'>Si·</span> <span class='ocrx_word' id='word_1_421' title='bbox 1403 3518 1534 3571; x_wconf 87' lang='lat' dir='ltr'>illos</span> <span class='ocrx_word' id='word_1_422' title='bbox 1584 3533 1702 3569; x_wconf 89' lang='lat' dir='ltr'>non</span> <span class='ocrx_word' id='word_1_423' title='bbox 1765 3518 2013 3570; x_wconf 84' lang='lat' dir='ltr'>detinuit</span> <span class='ocrx_word' id='word_1_424' title='bbox 2052 3524 2207 3569; x_wconf 84' lang='lat' dir='ltr'>terra</span> <span class='ocrx_word' id='word_1_425' title='bbox 2255 3518 2517 3585; x_wconf 80' lang='lat' dir='ltr'>canaan,</span> 
     </span>
     <span class='ocr_line' id='line_1_47' title="bbox 215 3581 2518 3659; baseline 0.002 -23"><span class='ocrx_word' id='word_1_426' title='bbox 215 3596 438 3655; x_wconf 85' lang='lat' dir='ltr'>quanto</span> <span class='ocrx_word' id='word_1_427' title='bbox 481 3585 664 3656; x_wconf 84' lang='lat' dir='ltr'>magis</span> <span class='ocrx_word' id='word_1_428' title='bbox 709 3586 968 3658; x_wconf 81' lang='lat' dir='ltr'>expediti</span> <span class='ocrx_word' id='word_1_429' title='bbox 1006 3602 1127 3639; x_wconf 86' lang='lat' dir='ltr'>esse</span> <span class='ocrx_word' id='word_1_430' title='bbox 1167 3581 1476 3657; x_wconf 77' lang='lat' dir='ltr'>debemus,</span> <span class='ocrx_word' id='word_1_431' title='bbox 1505 3587 1747 3659; x_wconf 59' lang='lat' dir='ltr'>ffquibus</span> <span class='ocrx_word' id='word_1_432' title='bbox 1787 3588 1948 3641; x_wconf 81' lang='lat' dir='ltr'>nulla</span> <span class='ocrx_word' id='word_1_433' title='bbox 1988 3587 2315 3640; x_wconf 88' lang='lat' dir='ltr'>ostenditur</span> <span class='ocrx_word' id='word_1_434' title='bbox 2354 3595 2518 3640; x_wconf 87' lang='lat' dir='ltr'>certa</span> 
     </span>
     <span class='ocr_line' id='line_1_48' title="bbox 216 3654 2035 3712; baseline 0.001 -5"><span class='ocrx_word' id='word_1_435' title='bbox 216 3656 399 3711; x_wconf 80' lang='lat' dir='ltr'>statio</span> <span class='ocrx_word' id='word_1_436' title='bbox 429 3657 487 3707; x_wconf 90' lang='lat' dir='ltr'>in</span> <span class='ocrx_word' id='word_1_437' title='bbox 513 3654 772 3707; x_wconf 74' lang='lat' dir='ltr'>mundo?</span> <span class='ocrx_word' id='word_1_438' title='bbox 1026 3657 1036 3678; x_wconf 76' lang='lat'><strong><em>¹</em></strong></span> <span class='ocrx_word' id='word_1_439' title='bbox 1191 3703 1196 3712; x_wconf 75' lang='grc'>,</span> <span class='ocrx_word' id='word_1_440' title='bbox 1487 3665 1513 3692; x_wconf 64' lang='lat'><em>⁶</em></span> <span class='ocrx_word' id='word_1_441' title='bbox 2034 3699 2035 3702; x_wconf 16' lang='grc' dir='ltr'>η</span> 
     </span>
    </p>

    <p class='ocr_par' dir='ltr' id='par_1_12' title="bbox 208 3724 2547 4074">
     <span class='ocr_line' id='line_1_49' title="bbox 363 3724 2516 3796; baseline 0 -19"><span class='ocrx_word' id='word_1_442' title='bbox 363 3726 443 3781; x_wconf 86' lang='lat'>15.</span> <span class='ocrx_word' id='word_1_443' title='bbox 517 3727 582 3776; x_wconf 81' lang='lat' dir='ltr'>Si</span> <span class='ocrx_word' id='word_1_444' title='bbox 614 3727 840 3796; x_wconf 79' lang='lat' dir='ltr'>quidem</span> <span class='ocrx_word' id='word_1_445' title='bbox 869 3725 1044 3778; x_wconf 82' lang='lat' dir='ltr'>illius</span> <span class='ocrx_word' id='word_1_446' title='bbox 1075 3726 1489 3778; x_wconf 80' lang='lat' dir='ltr'>meminissent.</span> <span class='ocrx_word' id='word_1_447' title='bbox 1556 3725 1868 3778; x_wconf 82' lang='lat' dir='ltr'>Praevenit</span> <span class='ocrx_word' id='word_1_448' title='bbox 1898 3724 2327 3792; x_wconf 90' lang='lat' dir='ltr'>obiectionem,</span> <span class='ocrx_word' id='word_1_449' title='bbox 2360 3730 2516 3795; x_wconf 66' lang='lat' dir='ltr'>quaa</span> 
     </span>
     <span class='ocr_line' id='line_1_50' title="bbox 214 3793 2519 3866; baseline 0.001 -19"><span class='ocrx_word' id='word_1_450' title='bbox 214 3801 427 3847; x_wconf 83' lang='lat' dir='ltr'>contra</span> <span class='ocrx_word' id='word_1_451' title='bbox 470 3795 686 3862; x_wconf 87' lang='lat' dir='ltr'>opponi</span> <span class='ocrx_word' id='word_1_452' title='bbox 724 3803 986 3861; x_wconf 86' lang='lat' dir='ltr'>poterat,</span> <span class='ocrx_word' id='word_1_453' title='bbox 1038 3812 1251 3862; x_wconf 83' lang='lat' dir='ltr'>nempe</span> <span class='ocrx_word' id='word_1_454' title='bbox 1293 3793 1639 3849; x_wconf 77' lang='lat' dir='ltr'>illos&#39;fuisse</span> <span class='ocrx_word' id='word_1_455' title='bbox 1684 3795 2070 3864; x_wconf 75' lang='lat' dir='ltr'>alienigenas,</span> <span class='ocrx_word' id='word_1_456' title='bbox 2122 3796 2222 3866; x_wconf 90' lang='lat' dir='ltr'>qui</span> <span class='ocrx_word' id='word_1_457' title='bbox 2262 3798 2519 3866; x_wconf 81' lang='lat' dir='ltr'>patriam</span> 
     </span>
     <span class='ocr_line' id='line_1_51' title="bbox 208 3862 2519 3935; baseline 0.001 -18"><span class='ocrx_word' id='word_1_458' title='bbox 208 3862 608 3932; x_wconf 81' lang='lat' dir='ltr'>reliquissent.</span> <span class='ocrx_word' id='word_1_459' title='bbox 697 3865 927 3932; x_wconf 82' lang='lat' dir='ltr'>Excipit</span> <span class='ocrx_word' id='word_1_460' title='bbox 967 3865 1301 3934; x_wconf 85' lang='lat' dir='ltr'>Apostolus,</span> <span class='ocrx_word' id='word_1_461' title='bbox 1367 3880 1546 3934; x_wconf 83' lang='lat' dir='ltr'>quum</span> <span class='ocrx_word' id='word_1_462' title='bbox 1589 3884 1650 3918; x_wconf 90' lang='lat' dir='ltr'>se</span> <span class='ocrx_word' id='word_1_463' title='bbox 1692 3866 2025 3935; x_wconf 87' lang='lat' dir='ltr'>peregrinos</span> <span class='ocrx_word' id='word_1_464' title='bbox 2065 3867 2383 3933; x_wconf 83' lang='lat' dir='ltr'>vocabant,</span> <span class='ocrx_word' id='word_1_465' title='bbox 2445 3866 2519 3919; x_wconf 75' lang='lat' dir='ltr'>dc</span> 
     </span>
     <span class='ocr_line' id='line_1_52' title="bbox 210 3934 2547 4004; baseline -0 -16"><span class='ocrx_word' id='word_1_466' title='bbox 210 3934 647 4002; x_wconf 87' lang='lat' dir='ltr'>Mesopotamia</span> <span class='ocrx_word' id='word_1_467' title='bbox 678 3951 793 3985; x_wconf 89' lang='lat' dir='ltr'>non</span> <span class='ocrx_word' id='word_1_468' title='bbox 823 3934 1108 4003; x_wconf 79' lang='lat' dir='ltr'>cogitasse</span> <span class='ocrx_word' id='word_1_469' title='bbox 1127 3973 1143 4003; x_wconf 93' lang='lat'>,</span> <span class='ocrx_word' id='word_1_470' title='bbox 1183 3936 1315 4004; x_wconf 87' lang='lat' dir='ltr'>quia</span> <span class='ocrx_word' id='word_1_471' title='bbox 1334 3972 1351 3999; x_wconf 92' lang='lat'>,</span> <span class='ocrx_word' id='word_1_472' title='bbox 1390 3934 1438 3986; x_wconf 90' lang='lat' dir='ltr'>si</span> <span class='ocrx_word' id='word_1_473' title='bbox 1469 3936 1590 3987; x_wconf 89' lang='lat' dir='ltr'>eius</span> <span class='ocrx_word' id='word_1_474' title='bbox 1620 3937 1763 3988; x_wconf 84' lang='lat' dir='ltr'>tacti</span> <span class='ocrx_word' id='word_1_475' title='bbox 1790 3936 2037 3987; x_wconf 85' lang='lat' dir='ltr'>fuissent</span> <span class='ocrx_word' id='word_1_476' title='bbox 2066 3936 2352 3988; x_wconf 86' lang='lat' dir='ltr'>desiderio</span> <span class='ocrx_word' id='word_1_477' title='bbox 2371 3976 2387 4002; x_wconf 91' lang='lat'>‚</span> <span class='ocrx_word' id='word_1_478' title='bbox 2424 3937 2547 3988; x_wconf 76' lang='lat' dir='ltr'>in·-</span> 
     </span>
     <span class='ocr_line' id='line_1_53' title="bbox 208 3999 2515 4074; baseline 0 -17"><span class='ocrx_word' id='word_1_479' title='bbox 208 4014 445 4072; x_wconf 83' lang='lat' dir='ltr'>tegrum</span> <span class='ocrx_word' id='word_1_480' title='bbox 473 4005 589 4056; x_wconf 88' lang='lat' dir='ltr'>illis</span> <span class='ocrx_word' id='word_1_481' title='bbox 614 3999 839 4054; x_wconf 68' lang='lat' dir='ltr'>erat‘eo</span> <span class='ocrx_word' id='word_1_482' title='bbox 870 4007 1115 4067; x_wconf 83' lang='lat' dir='ltr'>reverti3</span> <span class='ocrx_word' id='word_1_483' title='bbox 1156 4006 1318 4074; x_wconf 88' lang='lat' dir='ltr'>atqui</span> <span class='ocrx_word' id='word_1_484' title='bbox 1347 4015 1552 4072; x_wconf 87' lang='lat' dir='ltr'>sponte</span> <span class='ocrx_word' id='word_1_485' title='bbox 1580 4007 1652 4057; x_wconf 83' lang='lat' dir='ltr'>ab</span> <span class='ocrx_word' id='word_1_486' title='bbox 1683 4024 1751 4058; x_wconf 86' lang='lat' dir='ltr'>ea</span> <span class='ocrx_word' id='word_1_487' title='bbox 1780 4006 2071 4072; x_wconf 83' lang='lat' dir='ltr'>exsulant,</span> <span class='ocrx_word' id='word_1_488' title='bbox 2107 4008 2227 4058; x_wconf 88' lang='lat' dir='ltr'>imo</span> <span class='ocrx_word' id='word_1_489' title='bbox 2254 4023 2384 4059; x_wconf 88' lang='lat' dir='ltr'>eam</span> <span class='ocrx_word' id='word_1_490' title='bbox 2414 4009 2515 4058; x_wconf 84' lang='lat' dir='ltr'>ab·</span> 
     </span>
    </p>
   </div>
   <div class='ocr_carea' id='block_1_12' title="bbox 183 4072 2563 4164">
    <p class='ocr_par' dir='ltr' id='par_1_13' title="bbox 183 4072 2563 4164">
     <span class='ocr_line' id='line_1_54' title="bbox 183 4072 2563 4164; baseline 0.002 -40"><span class='ocrx_word' id='word_1_491' title='bbox 183 4081 437 4144; x_wconf 74' lang='lat' dir='ltr'>-negant</span> <span class='ocrx_word' id='word_1_492' title='bbox 457 4110 473 4138; x_wconf 93' lang='lat'>,</span> <span class='ocrx_word' id='word_1_493' title='bbox 527 4075 691 4144; x_wconf 85' lang='lat' dir='ltr'>quasi</span> <span class='ocrx_word' id='word_1_494' title='bbox 722 4072 872 4126; x_wconf 84' lang='lat' dir='ltr'>nihil</span> <span class='ocrx_word' id='word_1_495' title='bbox 899 4074 971 4125; x_wconf 86' lang='lat' dir='ltr'>ad</span> <span class='ocrx_word' id='word_1_496' title='bbox 1001 4077 1059 4127; x_wconf 84' lang='lat' dir='ltr'>se</span> <span class='ocrx_word' id='word_1_497' title='bbox 1090 4077 1402 4164; x_wconf 43' lang='lat' dir='ltr'>pertineat.</span> <span class='ocrx_word' id='word_1_498' title='bbox 1474 4074 1667 4128; x_wconf 85' lang='lat' dir='ltr'>Aliam</span> <span class='ocrx_word' id='word_1_499' title='bbox 1695 4074 1875 4150; x_wconf 84' lang='lat' dir='ltr'>igitur</span> <span class='ocrx_word' id='word_1_500' title='bbox 1899 4078 2149 4147; x_wconf 87' lang='lat' dir='ltr'>patriam</span> <span class='ocrx_word' id='word_1_501' title='bbox 2182 4077 2511 4149; x_wconf 84' lang='lat' dir='ltr'>designant,</span> <span class='ocrx_word' id='word_1_502' title='bbox 2555 4103 2563 4111; x_wconf 82' lang='lat'>·</span> 
     </span>
    </p>
   </div>
   <div class='ocr_carea' id='block_1_13' title="bbox 203 4144 2519 4283">
    <p class='ocr_par' dir='ltr' id='par_1_14' title="bbox 203 4144 2519 4283">
     <span class='ocr_line' id='line_1_55' title="bbox 203 4144 2377 4218; baseline 0 -22"><span class='ocrx_word' id='word_1_503' title='bbox 203 4161 367 4218; x_wconf 83' lang='lat' dir='ltr'>quae</span> <span class='ocrx_word' id='word_1_504' title='bbox 403 4144 479 4196; x_wconf 88' lang='lat' dir='ltr'>sit</span> <span class='ocrx_word' id='word_1_505' title='bbox 510 4154 672 4196; x_wconf 87' lang='lat' dir='ltr'>extra</span> <span class='ocrx_word' id='word_1_506' title='bbox 705 4144 1005 4198; x_wconf 81' lang='lat' dir='ltr'>mundum.</span> <span class='ocrx_word' id='word_1_507' title='bbox 2372 4193 2377 4196; x_wconf 20' lang='grc' dir='ltr'><em>Α</em></span> 
     </span>
     <span class='ocr_line' id='line_1_56' title="bbox 354 4211 2519 4283; baseline 0.002 -17"><span class='ocrx_word' id='word_1_508' title='bbox 354 4211 440 4272; x_wconf 82' lang='lat'>16.</span> <span class='ocrx_word' id='word_1_509' title='bbox 517 4215 709 4282; x_wconf 80' lang='lat' dir='ltr'>Quare</span> <span class='ocrx_word' id='word_1_510' title='bbox 754 4233 868 4268; x_wconf 83' lang='lat' dir='ltr'>non</span> <span class='ocrx_word' id='word_1_511' title='bbox 913 4212 1213 4265; x_wconf 80' lang='lat' dir='ltr'>erubescit.</span> <span class='ocrx_word' id='word_1_512' title='bbox 1285 4212 1550 4281; x_wconf 84' lang='lat' dir='ltr'>Respicit</span> <span class='ocrx_word' id='word_1_513' title='bbox 1586 4212 1660 4265; x_wconf 88' lang='lat' dir='ltr'>ad</span> <span class='ocrx_word' id='word_1_514' title='bbox 1700 4213 1867 4278; x_wconf 38' lang='lat' dir='ltr'>illam,</span> <span class='ocrx_word' id='word_1_515' title='bbox 1906 4213 2261 4266; x_wconf 85' lang='lat' dir='ltr'>sententiam</span> <span class='ocrx_word' id='word_1_516' title='bbox 2307 4215 2519 4283; x_wconf 68' lang='lat' dir='ltr'>(Exsd.</span> 
     </span>
    </p>
   </div>
   <div class='ocr_carea' id='block_1_14' title="bbox 117 4279 2515 4352">
    <p class='ocr_par' dir='ltr' id='par_1_15' title="bbox 117 4279 2515 4352">
     <span class='ocr_line' id='line_1_57' title="bbox 117 4279 2515 4352; baseline 0.002 -18"><span class='ocrx_word' id='word_1_517' title='bbox 117 4301 126 4304; x_wconf 55' lang='lat'>¹</span> <span class='ocrx_word' id='word_1_518' title='bbox 207 4283 267 4348; x_wconf 78' lang='lat'>8,</span> <span class='ocrx_word' id='word_1_519' title='bbox 295 4279 404 4350; x_wconf 78' lang='lat'><strong>6.-)‘:</strong></span> <span class='ocrx_word' id='word_1_520' title='bbox 465 4284 590 4352; x_wconf 87' lang='lat' dir='ltr'>Ego</span> <span class='ocrx_word' id='word_1_521' title='bbox 635 4298 760 4334; x_wconf 87' lang='lat' dir='ltr'>sum</span> <span class='ocrx_word' id='word_1_522' title='bbox 796 4288 945 4337; x_wconf 86' lang='lat' dir='ltr'>Deus</span> <span class='ocrx_word' id='word_1_523' title='bbox 975 4282 1273 4350; x_wconf 87' lang='lat' dir='ltr'>Abrahae,</span> <span class='ocrx_word' id='word_1_524' title='bbox 1323 4287 1478 4336; x_wconf 88' lang='lat' dir='ltr'>Deus</span> <span class='ocrx_word' id='word_1_525' title='bbox 1511 4283 1711 4348; x_wconf 87' lang='lat' dir='ltr'>Isaac,</span> <span class='ocrx_word' id='word_1_526' title='bbox 1768 4294 1825 4335; x_wconf 90' lang='lat' dir='ltr'>et</span> <span class='ocrx_word' id='word_1_527' title='bbox 1858 4285 2014 4337; x_wconf 85' lang='lat' dir='ltr'>Deus</span> <span class='ocrx_word' id='word_1_528' title='bbox 2058 4286 2254 4338; x_wconf 85' lang='lat' dir='ltr'>Iacob.</span> <span class='ocrx_word' id='word_1_529' title='bbox 2327 4284 2515 4339; x_wconf 79' lang='lat' dir='ltr'>Rarus</span> 
     </span>
    </p>
   </div>
   <div class='ocr_carea' id='block_1_15' title="bbox 205 4347 2516 4516">
    <p class='ocr_par' dir='ltr' id='par_1_16' title="bbox 205 4347 2516 4516">
     <span class='ocr_line' id='line_1_58' title="bbox 205 4347 2514 4423; baseline 0.002 -20"><span class='ocrx_word' id='word_1_530' title='bbox 205 4352 306 4403; x_wconf 84' lang='lat' dir='ltr'>bic</span> <span class='ocrx_word' id='word_1_531' title='bbox 333 4352 556 4419; x_wconf 89' lang='lat' dir='ltr'>honor,</span> <span class='ocrx_word' id='word_1_532' title='bbox 596 4369 769 4422; x_wconf 81' lang='lat' dir='ltr'>quum</span> <span class='ocrx_word' id='word_1_533' title='bbox 786 4350 1070 4403; x_wconf 85' lang='lat' dir='ltr'>Dominus</span> <span class='ocrx_word' id='word_1_534' title='bbox 1095 4369 1154 4401; x_wconf 87' lang='lat' dir='ltr'>se</span> <span class='ocrx_word' id='word_1_535' title='bbox 1183 4354 1488 4405; x_wconf 84' lang='lat' dir='ltr'>hominum</span> <span class='ocrx_word' id='word_1_536' title='bbox 1514 4347 1849 4405; x_wconf 87' lang='lat' dir='ltr'>nominibus</span> <span class='ocrx_word' id='word_1_537' title='bbox 1878 4355 2156 4423; x_wconf 80' lang='lat' dir='ltr'>insignit,</span> <span class='ocrx_word' id='word_1_538' title='bbox 2190 4366 2246 4408; x_wconf 88' lang='lat' dir='ltr'>et</span> <span class='ocrx_word' id='word_1_539' title='bbox 2273 4352 2383 4405; x_wconf 86' lang='lat' dir='ltr'>hac</span> <span class='ocrx_word' id='word_1_540' title='bbox 2415 4373 2514 4407; x_wconf 76' lang='lat' dir='ltr'>ve-</span> 
     </span>
     <span class='ocr_line' id='line_1_59' title="bbox 205 4421 2516 4516; baseline 0.001 -38"><span class='ocrx_word' id='word_1_541' title='bbox 205 4422 322 4478; x_wconf 84' lang='lat' dir='ltr'>luti</span> <span class='ocrx_word' id='word_1_542' title='bbox 344 4431 489 4477; x_wconf 88' lang='lat' dir='ltr'>nota</span> <span class='ocrx_word' id='word_1_543' title='bbox 516 4423 771 4479; x_wconf 84' lang='lat' dir='ltr'>discerni</span> <span class='ocrx_word' id='word_1_544' title='bbox 800 4422 925 4477; x_wconf 83' lang='lat' dir='ltr'>vult</span> <span class='ocrx_word' id='word_1_545' title='bbox 951 4422 1026 4516; x_wconf 79' lang='lat' dir='ltr'>ab</span> <span class='ocrx_word' id='word_1_546' title='bbox 1051 4421 1244 4478; x_wconf 86' lang='lat' dir='ltr'>idolis.</span> <span class='ocrx_word' id='word_1_547' title='bbox 1309 4424 1482 4477; x_wconf 78' lang='lat' dir='ltr'>Hanc</span> <span class='ocrx_word' id='word_1_548' title='bbox 1505 4438 1743 4505; x_wconf 78' lang='lat' dir='ltr'>quoque</span> <span class='ocrx_word' id='word_1_549' title='bbox 1764 4425 2236 4496; x_wconf 80' lang='lat' dir='ltr'>praerogativam</span> <span class='ocrx_word' id='word_1_550' title='bbox 2265 4425 2516 4497; x_wconf 74' lang='lat' dir='ltr'>Aposto-</span> 
     </span>
    </p>
   </div>
  </div>
 </body>
</html>
