2820 4895
613 220 746 285 AD
819 214 1625 319 meo‘rnssomn
1700 205 1857 283 cir.
1903 215 2070 283 110
2275 221 2451 286 ·319

139 392 513 452 confidentia
550 398 627 443 et»
649 388 988 443 temeritate
1025 396 1228 442 ruunt.
1272 394 1273 397 ’
1303 388 1503 457 Quare
1539 404 1660 440 non
1698 384 2308 454 immeritoiuvenem
2346 387 2445 442 ad—

59 500 80 515 .
139 473 352 518 monet
385 460 607 518 Paulus
628 496 644 524 ,
681 468 749 511 ut
773 458 846 509 ab
874 455 1089 511 aetatis
1116 454 1282 509 vitiis
1310 456 1639 524 diligenter
1672 456 1783 508 sibi
1811 465 2046 525 caveat,
2086 472 2233 526 quae
2264 456 2445 518 facile

140 532 371 602 alioqui
416 532 508 584 ad·
531 526 949 580 contentiones
991 524 1238 582 inutiles
1277 534 1522 593 possent
1563 541 1697 578 eum
1738 526 2033 593 abripere.
2202 525 2445 594 Sequere

139 603 476 654 iustitiam.
562 595 914 648 Contrarios
955 595 1199 646 affectus
1241 593 1640 661 commendat,
1693 595 1795 662 qui
1834 604 2096 646 mentem
2136 592 2258 646 eius
2298 594 2443 647 reti·

139 657 291 724 nere'
331 665 601 765 possint,
658 682 732 716 ne
758 662 1015 728 ers'ultet'
1033 660 1289 714 iuvenili
1318 662 1522 733 aliqua
1545 662 1930 731 intemperie,
1982 680 2054 715 ac
2084 660 2136 715 si
2179 663 2438 716 diceret:

136 741 313 791 Haec
341 745 523 801 sunt,
563 732 775 803 quibus
802 742 963 784 totus
995 730 1262 783 addictus
1289 748 1415 783 esse
1444 731 1657 797 debes,
1707 740 1995 806 tuumque
2031 731 2291 785 studium
2329 732 2443 784 im·

137 797 434 877 pendere.
511 806 592 854 Ac
621 803 811 871 primo
855 800 1092 870 quidem
1127 800 1421 866 Iustitiam
1448 799 1753 867 nominat,
1792 799 1908 851 hoc
1929 807 2046 866 est,
2088 808 2319 852 rectam
2354 799 2441 853 vi-

139 875 318 929 vendi
362 873 698 935 rationem3
755 880 960 938 postea
1000 867 1268 938 adiungit
1295 870 1481 937 fidem
1517 873 1579 921 et
1622 869 2024 935 dilectionem,
2076 870 2296 937 quibus
2330 869 2439 922 illa

137 942 399 1013 proprie
432 949 686 993 constat.
759 941 875 990 Pax
907 939 980 991 ad
1004 946 1374 1006 praesentem
1404 955 1638 993 causam
1665 937 1917 990 maxime
1946 937 2221 1005 pertinet.
2284 939 2442 990 Con·

138 1013 441 1066 tentiosos
481 1009 639 1060 enim
685 1024 810 1058 esse
849 1015 1090 1075 oportet
1117 1022 1186 1059 ac
1218 1004 1490 1075 litigandi
1520 1005 1800 1074 cupidos,
1847 1006 1951 1077 qui
1974 1005 2441 1075 quaestionibus,

140 1098 286 1150 quas
314 1065 630 1160 prohibet,
668 1074 1064 1128 delectantur.
1149 1074 1262 1126 Hic
1288 1075 1404 1126 Dei
1431 1075 1726 1128 invocatio
1755 1091 1867 1145 per
1894 1075 2305 1143 synecdochen
2381 1092 2442 1126 e—

138 1149 437 1202 nerahter
466 1161 576 1216 pro
612 1145 778 1198 cultu
809 1143 1074 1214 capitur,
1117 1143 1232 1196 nisi
1261 1144 1335 1196 ad
1361 1135 1789 1213 professionem
1811 1146 2040 1202 referre
2069 1142 2253 1196 malis.
2328 1092 2399 1197 ἕο

84 1263 85 1266 ,
141 1218 278 1289 quia
327 1217 393 1268 in
437 1216 605 1268 cultu
633 1211 746 1265 Dei
785 1212 903 1285 hpc
943 1213 1334 1282 praecipuum
1379 1221 1471 1264 est
1505 1222 1721 1284 caput,
1768 1211 1899 1265 ideo
1926 1229 2100 1281 saepe
2127 1212 2242 1266 Dei
2266 1211 2440 1264 invo-

139 1288 302 1341 catio
336 1294 534 1339 totam
562 1281 916 1351 religionem
943 1282 1037 1334 vel
1067 1282 1420 1334 cultumDei
1452 1280 1777 1349 signifieat.
1845 1282 2163 1333 Caeterum
2189 1281 2439 1334 dubium

140 1364 250 1422 est,
291 1371 482 1425 quum
512 1369 710 1420 pacem
734 1368 1016 1421 quaerere
1047 1350 1214 1406 iubet
1241 1345 1362 1400 cum
1395 1352 1657 1402 omnibus
1674 1351 1988 1402 Dominum
2012 1351 2440 1417 invocantibus,

140 1432 530 1494 proponatne
568 1422 630 1471 in
676 1420 1008 1488 exemplum
1049 1435 1252 1471 omnes
1292 1418 1535 1485 fideles,
1585 1419 1727 1471 acsi
1765 1418 2027 1483 diceret,
2075 1418 2191 1470 hoc
2219 1418 2437 1470 debere

141 1489 614 1545 omnibusveris
640 1489 754 1548 Dei
785 1488 1116 1541 cultoribus
1151 1503 1466 1539 commune
1497 1505 1622 1540 esse
1652 1487 1940 1549 studium3
1998 1504 2069 1539 an
2099 1503 2237 1538 vero
2265 1499 2439 1557 prae-

142 1562 359 1629 cipiat,
409 1569 480 1614 ut
524 1575 655 1610 eum
696 1557 818 1609 illis
843 1556 1193 1610 Timotheus
1235 1556 1394 1608 colat
1428 1574 1661 1625 pacem.
1743 1556 1857 1609 Hic
1897 1555 2197 1625 posterior
2233 1572 2440 1609 sensus

144 1630 389 1683 videtur
417 1626 635 1679 melius
664 1626 1005 1679 convenire.
2045 1683 2046 1686 Ἴ
2365 1627 2372 1633 ’

277 1698 375 1750 23.·
463 1696 695 1747 διυῖιάε
737 1712 869 1747 vero
927 1694 1313 1763 quaestiones.
1405 1693 1548 1747 Ideo
1598 1694 1807 1747 stultas
1858 1700 2067 1761 vocat,
2120 1693 2257 1763 quia
2296 1701 2435 1747 sunt

140 1768 476 1819 ineruditae
497 1802 516 1831 ,
555 1763 673 1816 hoc
702 1772 823 1829 est,
860 1763 1017 1816 nihil
1046 1764 1114 1827 ad
1142 1763 1430 1829 pietatem
1462 1763 1812 1829 conferunt,
1856 1762 2257 1833 qualicunque
2289 1764 2435 1816 alias

141 1833 420 1900 acumine
461 1833 589 1886 sint
624 1833 966 1888 vendibiles.
1055 1834 1187 1883 Hoc
1218 1832 1378 1883 enim
1410 1848 1546 1881 vere
1576 1830 1811 1883 demum
1840 1848 2052 1904 sapere
2082 1841 2175 1884 est
2195 1870 2211 1898 ‚
2250 1849 2437 1902 quum

138 1902 720 1970 utiliter·sapimus,
774 1900 928 1971 quod
978 1901 1294 1971 diligenter
1343 1901 1669 1953 notandum
1722 1909 1827 1952 est.
1932 1901 2201 1953 Videmus
2253 1902 2436 1970 enim,

142 1991 318 2093 quam
359 1980 751 2041 praepostera
795 1970 1065 2022 sutilium
1109 1967 1479 2037 argutiarum
1524 1967 1920 2020 admiratione
1961 1969 2214 2021 ducatur
2258 1985 2430 2022 mun·-

185 2059 283 2109 us,
339 2052 400 2093 et
443 2050 817 2109 quantopere
863 2056 958 2089 eas
1002 2047 1261 2106 appetat.
1348 2031 1439 2087 Ne
1468 2053 1746 2103 ergo-nos
1777 2035 2052 2106 placendi
2085 2037 2330 2090 ambitio
2362 2038 2435 2092 ad
2523 2079 2534 2094 .

143 2111 500 2179 captandam
535 2124 604 2160 ex
632 2107 738 2158 tali
775 2109 1172 2159 ostentatione
1202 2105 1456 2173 gratiam
1488 2104 1807 2171 sollicitet,
1847 2122 2081 2174 semper
2119 2108 2288 2159 nobis
2333 2124 2433 2159 oc-

146 2190 346 2231 currat
390 2178 513 2230 hoc
549 2175 714 2242 Pauli
750 2175 1047 2244 elogium,
1093 2191 1243 2243 quae
1278 2172 1338 2223 in
1386 2173 1644 2225 maximo
1680 2174 1877 2242 pretio
1919 2174 2212 2228 habentur
2253 2192 2436 2244 quae·
2509 2191 2512 2204 ¹

144 2247 400 2313 stiones,
454 2261 584 2308 esse
629 2252 827 2296 tamen
871 2244 1125 2296 insulsas
1171 2258 1275 2309 eo,
1325 2243 1485 2311 quod
1522 2242 1641 2310 sint
1685 2243 2109 2296 infructuosae.
2200 2244 2464 2312 Deinde·¹
2511 2283 2522 2293 .

144 2317 366 2369 malum
393 2316 611 2378 etiam,
687 2313 806 2366 uod
830 2330 1042 2382 parere
1069 2311 1296 2375 solent,
1337 2311 1649 2379 exprimit,
1701 2329 1811 2362 nec
1843 2312 2005 2363 aliud
2031 2313 2203 2378 dicit,
2255 2329 2433 2381 quam

147 2386 300 2453 quod
342 2330 688 2452 experimu3
730 2381 1033 2451 quotidie,
1087 2397 1184 2432 eas
1211 2379 1443 2431 scilicet
1478 2379 1749 2450 iurgandi
1783 2390 1841 2432 et
1869 2380 2229 2449 digladiandi
2261 2397 2432 2450 prae-

145 2453 284 2505 be're
325 2452 660 2523 materiam.
736 2453 956 2521 Neque
982 2459 1182 2504 tamen
1211 2445 1531 2519 quicquam
1560 2439 1807 2518 profic‘it
1833 2451 2021 2501 maior
2046 2467 2181 2523 pars
2207 2459 2299 2503 tot
2330 2451 2430 2503 do·

149 2523 435 2575 cumentis
469 2519 798 2573 admonita.
875 2562 878 2565 A
1887 2527 1891 2531 ⁴

276 2589 366 2643 24.
455 2590 635 2658 Atqui
676 2605 901 2639 servum
948 2588 1207 2643 Domini.
1287 2588 1420 2639 Hoc
1462 2597 1550 2639 est
1595 2585 1760 2638 Pauli
1801 2596 2250 2656 argumentumt
2300 2586 2433 2640 Ser·

147 2675 281 2712 vum
307 2658 424 2710 Dei
469 2658 734 2709 alienum
775 2673 809 2708 a
848 2656 1058 2708 litibus
1099 2673 1225 2709 esse
1266 2666 1537 2725 oportet,
1577 2656 1797 2708 stultae
1824 2667 2022 2708 autem
2054 2656 2431 2725 quaestiones
2515 2656 2525 2665 '
2579 2714 2584 2718 ,

147 2736 280 2778 sunt
315 2726 856 2794 litigiosaet'ergo
897 2725 1159 2794 quisquis
1202 2734 1407 2777 servus
1437 2726 1555 2776 Dei
1598 2742 1723 2776 esse
1764 2735 1824 2776 et
1859 2725 2066 2777 haberi
2111 2725 2315 2793 cupit,
2357 2726 2431 2778 ab
2469 2766 2474 2773 .
2515 2738 2522 2741 ⁷

148 2795 270 2848 illis
300 2796 635 2848 abhorrere
663 2795 857 2846 debet.
928 2796 1100 2864 Quod
1135 2794 1179 2845 si
1217 2793 1314 2845 vel
1358 2810 1473 2846 uno
1513 2795 1628 2846 hoc
1668 2793 1905 2845 nomine
1941 2793 2254 2864 fugiendae
2277 2803 2433 2857 'sunt

86 2905 90 2911 ,
146 2880 545 2932 supervacuae
590 2864 996 2933 quaestiones,
1048 2862 1203 2932 quod
1245 2862 1563 2933 servor-Dei
1604 2878 1872 2930 pugnare
1915 2872 2003 2915 est
2042 2861 2431 2916 indecorumt

149 2949 317 3001 quam
350 2932 738 3000 impudenter
765 2932 1010 2996 faciunt,
1053 2931 1154 3000 qui
1182 2929 1413 2983 assidua
1444 2931 1769 3001 certamina
1802 2931 2086 2982 movendo
2118 2931 2425 2983 venditare

149 3017 209 3051 se
234 3002 369 3061 data
397 3018 580 3070 opera
613 3000 872 3057 audent?
961 3002 1135 3051 Nunc
1172 3001 1422 3079 prodeat
1463 2998 1526 3051 in
1570 3000 2224 3067 medi‚um‚Papistarum
2261 2999 2431 3052 theo-

146 3067 334 3137 logia:
375 3070 516 3139 quid
547 3070 784 3121 omnino
808 3068 868 3120 in
898 3084 964 3119 ea
993 3070 1322 3136 reperietur
1348 3076 1588 3135 praeter
1614 3067 1889 3135 litigandi
1920 3078 1978 3118 et
2006 3067 2309 3137 pugnandi
2336 3084 2431 3120 ar-

150 3146 269 3189 tem
289 3138 315 3191 ?
387 3140 554 3207 Ergo
582 3154 697 3219 quo
726 3138 970 3206 quisque
998 3136 1190 3204 magis
1217 3137 1278 3186 in
1309 3153 1377 3187 ea
1404 3136 1766 3204 profecerit,
1792 3165 1796 3169 v
1818 3152 1888 3189 eo
1928 3139 2108 3207 magis
2150 3137 2265 3189 erit
2287 3136 2430 3187 'ine-

149 3215 281 3271 ptus
316 3207 408 3263 *ad
457 3206 830 3273 serviendum
871 3205 1132 3258 Christo.
1234 3206 1430 3275 Quum
1477 3207 1773 3272 placidum
1822 3224 1942 3257 esse
1988 3205 2157 3257 iubet
2197 3220 2431 3257 servum
2475 3239 2477 3248 ·

151 3274 408 3341 Christi,
453 3275 739 3329 virtutem
777 3274 1032 3344 requirit
1077 3274 1526 3326 contentionum
1569 3276 1784 3327 morbo*
1814 3275 2136 3326 adversam.
2210 3274 2431 3326 Eodem
2519 3304 2522 3313 ·

151 3344 440 3413 pertinet,
482 3344 640 3414 quod
665 3361 802 3396 mox
832 3343 1133 3411 sequitur,
1171 3351 1238 3395 'ut
1263 3343 1339 3393 sit
1367 3337 1699 3402 διδακτικός.
1789 3345 1998 3413 Neque
2028 3344 2177 3395 enim
2205 3339 2428 3394 doctri-

151 3425 257 3461 nae
296 3412 463 3464 locus
509 3413 659 3477 erit,
706 3411 817 3463 nisi
847 3413 993 3462 adsit
1025 3411 1346 3463 moderatio
1379 3420 1440 3463 et
1469 3411 1776 3481 aequabile
1806 3411 2102 3480 quoddam
2129 3420 2431 3480 tempera·

150 3489 431 3534 mentum.
508 3483 696 3551 Quem
727 3481 885 3531 enim
918 3482 1150 3532 modum
1179 3481 1405 3533 tenebit
1437 3481 1712 3547 doctor„
1737 3481 1839 3534 ubi
1869 3481 1939 3532 ad
1967 3479 2429 3549 pugnamxeffer‘·

150 3545 385 3601 buerit?
457 3549 713 3605 Proinde
747 3558 814 3599 ut
843 3549 1088 3618 quisque
1118 3549 1189 3601 ad
1218 3548 1545 3601 docendum
1581 3551 1831 3601 maxime
1860 3558 1946 3600 est
1973 3550 2298 3616 appositus,
2338 3547 2428 3600 ita
2467 3563 2472 3571 ·

151 3629 181 3662 a
208 3615 345 3666 rixis
377 3626 437 3668 et
467 3617 892 3669 certaminibus
922 3618 1171 3670 maxime
1204 3617 1506 3670 abhorret.
1541 3668 1544 3673 Δ
1580 3620 1798 3671 Verum
1827 3618 1964 3686 quia
1995 3617 2296 3668 interdum
2329 3616 2428 3668 vel

152 3680 361 3750 bilem,
410 3687 501 3738 vel
539 3685 848 3739 fastidium
889 3703 1128 3737 movere
1163 3694 1358 3754 potest
1394 3686 1764 3755 quorundam
1800 3686 2106 3739 hominum
2133 3685 2426 3757 importu-

151 3750 332 3804 nitas:
382 3753 514 3814 ideo
559 3755 930 3807 tolerantiam
968 3754 1267 3824 adiungit,
1315 3753 1494 3806 simul
1535 3772 1767 3808 causam
1802 3764 2040 3820 notans,
2081 3755 2294 3807 cur‘sit
2318 3771 2421 3805 ne·

153 3821 436 3890 cessaria,
483 3839 693 3891 nempe
720 3822 862 3891 quia
895 3823 1023 3892 pius
1046 3824 1278 3876 Doctor
1303 3833 1536 3875 tentare
1566 3824 1744 3874 etiam
1771 3823 1981 3888 debet,
2032 3838 2105 3874 an
2135 3821 2426 3877 reducere

130 3882 214 3963 'in
237 3887 389 3965 viam
418 3893 600 3960 possit
629 3900 1009 3944 contumaces
1037 3900 1096 3943 et
1124 3891 1491 3961 praefractos
1510 3933 1527 3959 ‚
1581 3893 1741 3962 quod
1774 3889 1912 3944 fieri
1936 3891 2151 3961 nequit
2177 3891 2296 3944 nisi
2326 3890 2429 3943 ad-

150 3950 336 4007 hibita
363 3959 828 4015 mansuetudine.
970 3957 980 3966 ’
2483 3996 2494 4011 1

223 4085 236 4098 ⁶
282 4024 369 4078 25.
443 4029 508 4078 Si
536 4028 764 4097 quando
794 4030 886 4080 det
913 4029 1063 4080 illis.
1133 4029 1305 4083 Haec·
1337 4028 1630 4096 particula
1668 4027 1726 4080 Si
1768 4026 1999 4098 quando
2036 4025 2134 4080 vel
2169 4028 2226 4080 Si
2262 4029 2425 4081 forta

153 4102 238 4165 fel
263 4091 675 4149 difficultatem
704 4105 901 4162 notat,
938 4108 1008 4150 ut
1033 4113 1221 4178 prope
1246 4096 1615 4149 incredibilis
1645 4097 1718 4148 sit
1743 4096 1834 4149 vel
1865 4097 2190 4164 desperata.
2260 4097 2423 4166 Ergo

152 4159 429 4231 intelligit
459 4166 703 4232 Paulus,
743 4166 921 4218 etiam
962 4183 1102 4234 erga
1141 4165 1576 4234 indignissimos
1618 4182 1742 4217 esse
1782 4182 1986 4225 mansu
2048 4166 2219 4216 udine
2253 4175 2425 4217 uten-

158 4221 318 4289 dum3
371 4240 544 4302 atque
583 4243 650 4286 ut
689 4233 853 4286 nulla
890 4234 1191 4303 principio
1233 4251 1362 4313 spes
1400 4242 1686 4301 appareat
1710 4233 1948 4301 profect
2035 4268 2052 4298 ‚
2086 4233 2309 4285 debere
2334 4242 2424 4285 ta·

158 4305 285 4371 men
323 4301 651 4364 periculum
686 4302 836 4354 fieri.
908 4303 1133 4356 Eadem
1172 4313 1405 4356 ratione
1452 4303 1720 4354 daturum
1753 4305 1936 4355 Deum
1975 4311 2424 4366 commemorat.

159 4356 300 4427 Qula
324 4368 479 4423 enim
509 4370 570 4422 in
598 4389 775 4426 manu
789 4370 899 4426 Dei
927 4381 1014 4424 est
1039 4371 1298 4427 hominis
1327 4371 1634 4424 conversio
1652 4389 1669 4424 z
1710 4371 1845 4442 quis
1874 4369 2009 4446 scit,
2049 4385 2146 4434 an,
2182 4369 2286 4441 qui
2312 4369 2419 4422 ho-

673 4460 680 4477 t

246 4502 268 4536 Nx
835 4514 867 4520 .-
