2820 4895
295 189 441 255 isa
535 270 544 281 ¹
820 189 948 254 m
1022 133 2034 260 aels‘romssssvsum

396 351 522 410 *a
591 355 766 409 Nemo
794 358 1037 424 gaudeo.
1122 355 1691 413 Priuba'vdcatione
1720 358 1832 412 sibi
1866 358 2271 410 auctoritatem
2304 355 2622 409 asseruits¹

300 435 461 477 stunc
484 431 678 478 nutem
708 434 987 494 occupat,
1024 428 1242 499 nequid
1271 429 1341 481 de
1372 429 1734 498 Apostolatus
1760 428 1846 480 sui
1868 427 2093 480 honore
2122 427 2431 481 detrahant
2462 426 2596 486 vin·

208 532 257 568 s,
299 494 435 548 cula
478 504 539 549 et
577 497 1091 566 persequutiones,
1153 515 1298 568 quas
1344 515 1451 567 pro
1493 499 1805 568 Evangelio
1859 499 2204 551 sustinebat.
2268 515 2405 550 nam
2457 497 2596 549 istis

299 567 487 619 etiam
533 567 927 636 occasionibus
983 566 1245 620 abutitur
1284 568 1498 638 Satan,
1561 578 1631 621 ut
1676 570 2025 622 servos-Dei
2076 568 2310 620 viliores
2356 566 2596 620 reddat.

299 635 621 690 Praeterea
655 637 880 689 animat
915 652 1014 688 eos
1053 635 1154 689 suo
1194 639 1499 708 exemplo,
1548 655 1623 690 ne
1650 638 2196 709 persequutionibus
2224 647 2599 691 terreanturt

301 713 363 760 ct
397 705 589 758 selum
632 722 797 759 suum
837 708 1237 775 commendat,
1298 717 1363 761 ut
1401 709 1527 778 plus
1565 707 1779 761 habeat
1818 709 2143 779 gravitatis.
2247 706 2605 778 Quinetiam

300 791 426 828 non
454 776 676 846 vulgari
702 777 944 847 pignore
974 793 1143 829 suum
1172 795 1310 847 erga
1344 795 1441 834 eos
1472 794 1729 846 amorem
1759 788 2040 831 testatum
2072 776 2263 834 reddit
2284 816 2301 844 ,
2353 778 2492 830 dum
2532 791 2605 827 se

300 846 552 899 libenter
590 863 792 900 eorum
836 863 1010 899 causa
1048 847 1444 916 afflictiones,
1512 866 1654 918 quas
1711 852 1992 914 sustinet,
2049 849 2311 918 perferre
2367 847 2606 901 asserit.

258 969 269 980 ,
305 916 477 969 Unde
517 926 710 969 autem
754 916 863 971 hoc
902 918 1216 986 gaudium,
1285 920 1437 971 dicet
1473 918 1801 986 quispiam?
1890 922 2117 988 Nempe
2161 919 2295 987 quia
2337 918 2610 970 fructum

308 987 590 1041 cernebat
614 987 753 1039 inde
779 997 1181 1056 emergentem.
1219 1004 1288 1041 ac
1317 990 1366 1042 si
1396 990 1646 1042 discretz
1691 988 1891 1042 Suavis
1922 998 2008 1040 est
2034 987 2178 1057 mihi
2207 987 2472 1039 afflictio·
2489 1001 2608 1055 pro

308 1057 504 1121 vohis,
554 1058 691 1129 quia
730 1072 848 1110 non
885 1053 1095 1110 frustra
1131 1067 1260 1110 eam
1299 1059 1509 1129 patior.
1596 1059 2100 1130 Quemadmodum
2127 1057 2201 1109 ad
2229 1056 2608 1111 Thessaloni-

313 1142 515 1180 censes
551 1129 746 1196 priore
787 1127 1027 1198 epistola
1070 1125 1326 1196 gaudere
1367 1147 1429 1180 se
1475 1126 1618 1182 dicit
1652 1130 1716 1182 in
1758 1129 1921 1181 omni
1964 1127 2307 1200 necessitate
2342 1138 2401 1181 et
2437 1125 2609 1181 affli-

276 1213 279 1218 ·
313 1196 514 1251 ctione
551 1206 787 1267 propter
827 1190 1082 1251 auditam
1113 1198 1373 1266 ipsorum
1407 1198 1608 1253 fidem.
1743 1201 2038 1266 adimpleo
2069 1217 2215 1267 quae
2248 1201 2452 1251 desunt
2485 1205 2609 1251 etc.

288 1267 599 1337 ¹Copulam
639 1267 866 1333 accipio
906 1267 1033 1318 vice
1078 1267 1342 1322 causalis.
1394 1269 1587 1319 reddit
1624 1267 1792 1320 enim*
1820 1270 2131 1333 rationem,
2181 1283 2286 1318 cur
2322 1268 2612 1335 patiendo

310 1338 503 1391 laetus
529 1336 640 1391 sit:
679 1339 819 1408 quia
847 1338 1037 1389 socius
1066 1338 1127 1388 in
1160 1355 1228 1389 ea
1255 1354 1320 1388 re
1349 1338 1426 1390 sit
1456 1338 1687 1392 Christi.
1744 1338 1894 1393 nihil
1936 1335 2130 1390 autem
2169 1336 2282 1389 hac
2320 1338 2614 1390 societate

312 1409 542 1461 beatius
572 1407 759 1475 optari
785 1416 993 1477 potest.
1044 1408 1120 1460 Et
1148 1425 1522 1461 communem
1551 1410 1658 1477 piis
1688 1405 1954 1461 omnibus
1984 1408 2438 1460 consolationem
2469 1422 2616 1475 pro-'-

312 1479 516 1550 ponit,
554 1476 708 1548 quod
744 1477 807 1528 in
846 1467 1116 1530 omnibus
1152 1483 1482 1545 aerumnis,
1526 1481 1868 1546 praesertim
1898 1495 2031 1529 vero
2061 1477 2380 1548 siquidpro
2409 1479 2619 1529 Evan-

317 1548 473 1619 gelio
504 1547 824 1612 sustinent,
876 1548 1191 1618 participes
1217 1551 1346 1600 sunt
1377 1550 1565 1600 crucis
1598 1548 1850 1614 Christi,
1904 1557 1967 1599 ut
1994 1548 2202 1600 beatae
2228 1548 2617 1599 resurrectio—

316 1617 411 1672 nis
453 1617 745 1668 consortio
783 1618 1070 1674 fruantur.
1158 1618 1492 1688 Quinetiam
1521 1620 1604 1670 ita
1635 1618 1864 1688 impleri
1895 1617 2180 1685 affirmat,
2218 1635 2365 1688 quae
2389 1618 2628 1677 'desunt

319 1686 538 1742 christi
572 1687 1000 1754 afflictionibus.
1053 1704 1190 1739 nam
1229 1689 1399 1742 sicuti
1437 1689 1696 1758 loquitur
1735 1690 1807 1741 ad
1844 1689 2141 1743 Romanos
2180 1692 2368 1756 capite
2395 1689 2446 1754 8,
2477 1687 2613 1739 29.=
2647 1709 2656 1716 ·

279 1793 292 1812 ι
322 1759 486 1828 Quos
525 1759 683 1813 Deus
721 1758 931 1827 elegit,
974 1755 1105 1809 ⁷hos
1145 1775 1372 1840 quoque
1409 1759 1889 1832 praedestinavit,
1953 1769 2018 1808 ut
2071 1758 2399 1812 conformes
2454 1756 2617 1808 fiant

317 1825 594 1900 imaginis
621 1826 872 1894 Christi,
923 1844 1035 1900 quo
1083 1827 1158 1879 sit
1202 1829 1621 1897 primogenitus
1660 1829 1818 1880 int-er
1856 1827 2086 1881 fratres.
2172 1830 2352 1879 Porro
2393 1827 2618 1879 scimus

322 1907 551 1964 tantam
577 1897 871 1966 capitis‘et
900 1897 1292 1951 membrorum
1324 1916 1448 1951 esse
1476 1901 1752 1950 unitatem
1772 1936 1789 1963 ,
1825 1907 1890 1950 ut
1918 1913 2132 1950 nomen
2166 1898 2386 1949 Christi
2417 1905 2622 1949 totum

322 1983 534 2037 corpus
573 1968 863 2034 interdum
903 1966 1378 2037 comprehendat.
1454 1961 1639 2021 Sicuti
1675 1968 1882 2038 prioris
1917 1970 1988 2020 ad
2018 1966 2345 2020 Corinthios
2381 1966 2466 2033 12,
2492 1967 2622 2018 122

318 2036 448 2090 illic
479 2037 635 2090 enim
665 2054 844 2111 quum
877 2037 946 2089 de
970 2039 1229 2096 Ecclesia
1257 2047 1578 2091 sermonem
1605 2035 1867 2104 haberet,
1904 2038 2131 2092 tandem
2159 2034 2454 2089 concludit
2483 2048 2621 2108 retu

321 2107 389 2162 in
422 2105 650 2161 Christo
678 2112 764 2161 ita
786 2108 1001 2160 habere
1031 2119 1088 2168 ut
1116 2109 1177 2159 in
1203 2108 1460 2161 humano
1489 2124 1749 2177 corpore.
1819 2107 2321 2178 Quemadmodum
2353 2121 2488 2174 ergo
2518 2120 2632 2178 semi

323 2176 440 2244 mel
476 2194 675 2247 passus
717 2188 805 2231 est
847 2182 1006 2231 inse
1037 2178 1330 2246 Christus,
1390 2180 1476 2231 ita
1508 2177 1769 2249 quotidie
1805 2179 2023 2245 patitur
2055 2179 2117 2230 in
2146 2176 2423 2229 membris
2455 2173 2616 2229 suis:

327 2256 507 2317 atque
531 2249 645 2301 hoc
670 2250 839 2301 modo
865 2249 1182 2317 implentur
1206 2249 1499 2320 passiones
1516 2288 1531 2316 ,
1573 2264 1715 2320 quas
1739 2250 1911 2300 Pater
1936 2248 2094 2301 illius
2119 2248 2349 2315 corpori
2378 2262 2481 2296 suo
2510 2244 2621 2297 de-

326 2326 492 2371 creto
520 2320 850 2380 destinavit,
913 2319 1191 2381 ,Secunda
1221 2319 1528 2389 cogitatio,
1566 2336 1716 2388 quae
1742 2318 2032 2376 sustinere
2051 2318 2269 2370 animos
2298 2326 2524 2368 nostros
2554 2322 2622 2366 et

325 2387 507 2442 solari
548 2390 722 2442 debet
757 2389 820 2442 in
856 2386 1311 2457 afflictionibus,
1346 2390 1467 2458 ,Dei
1504 2389 1864 2457 providentia
1906 2389 1990 2440 ita
2025 2388 2205 2444 fixum
2234 2403 2354 2440 esse
2383 2397 2441 2436 et
2473 2401 2619 2436 eon-

327 2460 626 2528 stitutum,
675 2469 742 2513 ut
771 2458 1000 2513 Christo
1030 2459 1465 2530 configuremur
1490 2463 1552 2512 in
1579 2459 1766 2513 crucis
1794 2459 2139 2526 tolerantia,
2191 2468 2249 2509 et
2290 2471 2465 2530 quam
2508 2453 2622 2518 ha-

316 2529 534 2582 hemus
574 2547 707 2582 cum
744 2529 870 2599 ipso
908 2533 1534 2595 communicationem,
1589 2530 1702 2582 huc
1743 2529 1968 2600 quoque
2007 2527 2256 2581 extendi.
2340 2526 2514 2579 Addit
2557 2536 2625 2578 et

325 2599 572 2652 tertiam
592 2599 925 2653 irationem:
977 2603 1115 2668 quia
1152 2601 1488 2654 fructuosae
1510 2599 1625 2651 sint
1645 2593 1938 2668 passiones
1965 2616 2135 2664 suae,
2186 2606 2376 2664 'neque
2410 2597 2620 2665 paucis

331 2670 649 2737 duntaxat,
688 2670 790 2721 sed
815 2670 916 2723 toti
943 2670 1266 2726 Ecclesiae.
1338 2671 1514 2722 Prius
1543 2670 1767 2721 dixerat
1791 2687 1899 2739 pro
1926 2667 2358 2722 Colossensibus
2388 2683 2447 2719 se
2473 2663 2620 2734 pati.

331 2756 491 2794 nunc
520 2739 768 2808 amplius
797 2740 1020 2807 asserit,
1058 2741 1314 2793 fructum
1342 2740 1419 2797 ad
1442 2749 1628 2795 totam
1646 2739 1969 2793 Ecclesiam
1998 2739 2315 2807 pervenire.
2343 2786 2349 2799 ,
2383 2738 2475 2789 De
2499 2749 2619 2804 quo

268 2832 277 2849 0
328 2810 530 2875 ¹fructu
569 2811 789 2864 dictum
826 2820 913 2864 est
951 2813 1026 2862 ad
1050 2809 1449 2881 Philippenses
1484 2811 1669 2878 capite
1699 2813 1746 2876 1,
1775 2811 1857 2869 12,
1944 2809 2098 2879 Quid
2123 2806 2619 2873 hac.exposition0
2709 2814 2714 2824 “

334 2880 549 2934 clarius
585 2882 885 2950 minusque
928 2891 1227 2946 coactum,
1265 2889 1324 2934 et
1348 2881 1532 2948 magis
1559 2878 1841 2948 simplex?
1908 2878 2153 2931 Paulum
2178 2879 2308 2930 ideo
2333 2877 2395 2928 in
2425 2891 2623 2943 perse-

334 2951 612 3022 quutione
649 2951 858 3004 laetum
905 2968 1089 3018 esse„
1122 2953 1257 3022 quia
1294 2960 1555 3019 reputet,
1606 2949 1761 3020 quod
1801 2947 1942 3000 alibi
1986 2951 2084 3013 (ΙΙ.
2122 2946 2385 3000 Corinth.
2417 2947 2472 3012 4,
2503 2944 2621 3014 10.)

331 3021 571 3088 scribit,
620 3021 1143 3075 circumferentiam
1181 3036 1304 3075 esse
1348 3019 1856 3073 mortificationem
1888 3017 2105 3071 Christi
2141 3018 2204 3068 in
2245 3032 2487 3085 corpore
2515 3031 2642 3065 no-v

331 3098 476 3156 stro,
515 3099 581 3143 ut
607 3093 727 3143 vita
751 3091 874 3141 eius
902 3091 1306 3146 manifestetur
1331 3091 1395 3142 in
1420 3090 1607 3146 nobis,
1676 3091 1828 3142 Item
1849 3087 1928 3159 ¹ad
1946 3084 2317 3139 Timotheum
2348 3088 2446 3151 (Π.
2463 3086 2638 3151 Tim,

288 3162 385 3224 ⁴2,
420 3162 565 3227 1102
630 3161 689 3215 Si
727 3163 1146 3227 compatimur,
1207 3162 1386 3214 etiam
1438 3156 2028 3228 simul'regnaturos:
2091 3158 2137 3208 si
2184 3155 2624 3221 commorimur,

333 3229 519 3282 etiam
554 3227 728 3282 simul
772 3229 1054 3292 victuros3
1105 3231 1340 3283 felicem
1376 3229 1559 3305 igitur
1598 3239 1656 3281 et
1693 3229 2011 3298 gloriosum
2042 3226 2255 3278 exitum
2284 3226 2437 3277 fore.
2506 3225 2627 3276 De·

330 3300 471 3352 inde
496 3314 618 3351 non
642 3298 1024 3352 recusandam
1056 3318 1178 3355 esse
1206 3300 1626 3364 conditionem,
1655 3298 2139 3368 qua'mEcclesias
2164 3313 2299 3363 suae
2330 3293 2628 3345 ordinavit

332 3371 523 3439 Deus,
575 3377 640 3421 ut
676 3368 939 3437 membra
978 3369 1188 3422 Christi
1222 3379 1630 3436 congruentem
1671 3386 1803 3420 curn
1828 3384 1947 3420 ‘suo
1987 3368 2178 3433 capite
2220 3365 2630 3435 symmetriam

332 3437 608 3492 habeant.
679 3438 912 3506 Tertio,
957 3440 1212 3499 libenter
1255 3439 1629 3506 perferendas
1674 3457 1792 3490 esse
1832 3437 2221 3501 afflictiones,
2271 3452 2419 3505 quae
2454 3434 2631 3486 utiles

336 3509 456 3561 sint
481 3506 595 3578 piis
623 3507 921 3576 omnibus,
967 3520 1026 3560 et
1051 3510 1228 3561 totius
1255 3507 1554 3561 Ecclesiae
1580 3507 1822 3560 salutem
1851 3516 2258 3575 promoveant,
2311 3496 2626 3574 Evangelii

337 3577 1066 3632 doctrinam'illustra'ndo.
1143 3579 1313 3649 Atqui
1341 3577 1433 3629 his
1466 3577 1731 3630 omnibus
1763 3577 2099 3646 posthabitis
2127 3585 2183 3626 et
2210 3574 2485 3643 neglectis
2520 3588 2629 3624 no-

337 3655 892 3701 vumccmmentum
930 3647 1285 3705 excuderunt
1313 3648 1615 3716 Papistae,
1662 3664 1776 3717 quo
1814 3664 1946 3698 suas
1985 3645 2376 3713 indulgentias
2409 3643 2630 3712 proba-³

336 3726 493 3771 rent.
563 3717 959 3789 Indulgentias
985 3728 1196 3773 vocant
1221 3718 1540 3788 poenarum
1567 3717 1970 3787 remissionem
1986 3755 2003 3783 ,
2057 3724 2207 3786 quae
2231 3715 2397 3767 nobis
2419 3715 2497 3765 ¹fit
2521 3727 2631 3781 pes:

328 3797 665 3854 martyrum
709 3787 939 3842 merita.
1037 3790 1190 3841 Nam
1229 3804 1408 3859 quum
1449 3789 1765 3857 gratuitam
1808 3796 2184 3855 peccatorum
2222 3785 2632 3837 remissionem

312 3865 582 3927 negent,
614 3856 735 3909 *sed
768 3857 979 3911 redimi
1016 3858 1245 3928 fingant
1279 3857 1549 3927 operibus
1588 3857 2021 3910 satisfactoriis:
2059 3856 2164 3908 ubi
2198 3853 2632 3906 satisfactiones

338 3929 550 3993 iustam
578 3943 914 3980 mensuram
943 3945 1062 3980 non
1090 3927 1353 3997 implent,
1392 3924 1771 3979 advocant‘in
1800 3926 2119 3980 subsidium
2145 3936 2470 3989 martyrum
2497 3939 2633 3974 san·

339 3997 577 4069 guinem
595 4034 613 4065 ,
659 4006 724 4049 ut
752 4014 950 4052 coram
975 3998 1089 4051 Dei
1113 3997 1335 4050 iudicio
1362 3998 1437 4048 ad
1461 3999 1845 4067 expiationem
1864 3997 2066 4048 'valeat
2094 4012 2223 4047 cum
2253 3993 2469 4065 Christi
2497 4009 2634 4045 san-

338 4071 538 4138 guine.
585 4071 776 4136 Atque
800 4068 952 4121 hanc
972 4069 1270 4122 misturam
1293 4067 1632 4123 thesaurum
1655 4078 1864 4119 vocant
1876 4065 2204 4120 Ecclesiae:
2247 4065 2410 4116 cuius
2436 4063 2636 4116 vclaves

250 4148 253 4149 ’
341 4146 546 4208 postea
589 4138 799 4208 quibus
837 4139 1020 4192 visum
1055 4146 1144 4190 est
1179 4138 1574 4191 committunt.
1642 4139 1770 4190 Nec
1798 4153 1896 4189 eos
1918 4136 2096 4206 pudet
2121 4134 2184 4187 in
2211 4143 2334 4186 tam
2368 4149 2635 4191 exsecra«,

339 4207 476 4261 bilis
514 4205 911 4276 blasphemiae
949 4207 1430 4276 suffragationem
1465 4218 1738 4276 torquere
1780 4215 2144 4277 praesentem
2186 4203 2405 4258 locum.
2508 4204 2639 4258 ussi

340 4278 556 4334 Paulus
591 4274 688 4330 bic
729 4286 947 4329 asserat
982 4281 1272 4347 passiones
1310 4290 1443 4330 suas
1489 4277 1784 4345 expiandis
1810 4278 2111 4329 hominum
2136 4275 2389 4345 peccatis
2421 4290 2508 4345 va·
2547 4290 2637 4327 ros

344 4348 573 4421 Urgent
599 4352 805 4402 ffioem
832 4342 1217 4422 ὑστερήματα..
1265 4350 1432 4420 quasi
1461 4348 1871 4420 Paulus‘ncget
1899 4346 2201 4413 sufficere,
2250 4360 2405 4417 quae
2432 4356 2638 4413 passus
2719 4388 2724 4393 .

404 4544 421 4581 l
