2820 4895
583 250 1571 336 AD·T1M0TREU1‹11,
1635 248 1964 330 cmm.
2041 343 2080 354 ,Ἴ
2290 256 2425 326 sss

144 445 207 485 vs
297 417 538 498 {inguae
562 434 797 481 tantum
821 395 1161 479 volubilitas
1187 419 1290 477 hic
1311 403 1675 493 requiritars
1724 393 1862 478 nam
1898 422 2220 495 plerosque
2237 421 2422 486 wide.

143 514 262 554 mus
299 498 581 564 disertos,
633 511 887 565 quorum
915 503 1193 563 prompta
1218 492 1553 562 loquacitas
1580 493 1727 545 nihil
1757 493 1937 547 habet
1958 493 2385 553 aedificationis
2399 512 2442 564 s*

141 568 237 624 sed
263 566 458 636 potius
490 564 942 620 commendatur
974 561 1321 631 prudentia,
1360 570 1427 614 ut
1452 562 1604 615 scite
1633 563 1704 614 ad
1734 579 1911 617 usum
1940 561 2148 632 populi
2178 579 2420 616 accom-

141 636 402 692 modetur
426 633 539 687 Dei
580 634 845 704 verbum.
929 631 1164 701 Operae
1204 628 1468 702 pretium
1508 639 1710 683 autem
1753 642 1839 684 est
1879 642 2191 700 reputare,
2239 649 2419 701 quam

139 705 284 759 nihil
313 704 384 755 ad
408 721 470 757 se
500 704 806 772 pertinere
836 701 1060 753 ducant
1092 698 1361 767 Papistae
1381 736 1398 764 ,
1450 699 1735 770 quicquid
1769 701 2082 770 Apostolus
2121 703 2420 767 praescri-

140 774 242 827 liit.
319 774 521 843 Neque
550 775 689 825 vero
719 769 968 839 singulis
993 769 1088 826 vel
1121 768 1523 832 excutiendis,
1570 768 1664 822 vel
1692 770 2104 825 enumerandis
2129 769 2420 828 insistam.

140 859 312 896 unum
349 842 464 893 hoc
500 858 615 911 qua
655 838 966 906 diligentia
1006 838 1162 903 apud
1212 853 1311 889 eos
1347 837 1649 891 servatur?
1723 838 1799 890 Et
1827 852 1967 893 sane
1997 829 2100 890 do‘s
2135 855 2417 905 superva»

141 929 242 966 oua
270 911 380 963 ista
410 911 599 979 foret,
648 909 881 978 quando
911 905 1311 966 ministerium
1342 905 1592 959 docendi
1624 906 1786 975 quasi
1815 907 1934 958 vile
1966 916 2025 960 et
2053 906 2352 959 sordidum
2378 923 2417 963 a

138 998 195 1035 se
220 979 562 1049 depellunt,
615 978 773 1049 quod
806 988 1002 1028 tamen
1034 975 1306 1044 Episcopi
1336 975 1588 1026 maxime
1612 975 1927 1044 proprium
1953 984 2105 1041 erat„
2192 979 2266 1029 At
2306 991 2415 1028 ne-

136 1049 344 1103 minem
369 1049 550 1113 latet,
590 1056 870 1115 quantum
900 1045 1058 1097 absit
1084 1063 1119 1099 a
1150 1043 1313 1095 Pauli
1346 1044 1585 1111 regula,
1637 1044 1961 1112 episcopali
1995 1039 2175 1098 titulo
2209 1042 2412 1113 κωφὸν

134 1115 417 1189 πρόςωπον
471 1117 726 1184 superbe
779 1114 1064 1183 gloriari;
1145 1112 1195 1164 si
1252 1112 1428 1164 modo
1488 1113 1790 1183 theatrico
1846 1113 2054 1174 habitu
2106 1124 2416 1183 appareat,

136 1187 305 1257 Quasi
348 1195 601 1239 cornuta
640 1184 856 1252 mitra,
906 1181 1157 1238 annulus
1187 1182 1339 1233 bene
1367 1192 1732 1249 gemmatus,
1781 1192 2137 1250 argenteum
2169 1184 2410 1251 pedum,
2463 1181 2466 1186 ’

135 1268 192 1312 at
230 1256 452 1309 similes
496 1270 692 1323 nugae
736 1269 871 1305 cum
911 1250 1132 1305 lusoria
1165 1251 1303 1319 pom
1353 1266 1420 1317 a,
1469 1250 1777 1320 spirituale
1809 1251 2112 1305 Ecclesiae
2141 1254 2412 1320 regimen

135 1325 519 1380 constituant:
568 1322 724 1393 quod
768 1321 960 1375 nihilo
1001 1321 1187 1399 magis
1228 1337 1259 1371 a
1381 1320 1584 1404 ctrinaae
1614 1328 1814 1389 potest
1843 1321 2056 1389 avelli,
2095 1337 2410 1390 quamna-

132 1404 306 1450 strum
331 1394 733 1462 unusquisque
761 1409 793 1445 a
821 1390 1059 1460 propria
1091 1405 1312 1441 amma.
1555 1433 1560 1438 .
2271 1429 2297 1436 .-

258 1462 309 1519 8.
393 1463 530 1515 Non
567 1461 942 1521 vinolentum.
1027 1460 1160 1513 Non
1194 1465 1427 1510 tantum
1455 1455 1805 1514 ebrietatem
1834 1457 1951 1511 hoc
1980 1457 2163 1519 verbo
2191 1467 2410 1521 notant

131 1530 368 1597 Graeci,
408 1531 514 1583 sed
557 1531 839 1599 quamvis
863 1526 1282 1596 intemperiem
1321 1526 1384 1577 in
1427 1526 1569 1578 vino
1615 1527 2066 1597 ingurgitando.
2137 1529 2213 1579 Et
2239 1538 2410 1583 certe

129 1618 242 1653 non
277 1609 511 1653 tantum
535 1600 763 1664 Pastori
801 1597 979 1649 nimis
1016 1595 1294 1650 indecora
1338 1604 1427 1647 est
1467 1594 1952 1660 immodica-vini
1989 1598 2256 1666 potatio,
2304 1598 2409 1651 secl

130 1672 299 1724 etiam
364 1671 483 1722 uod
512 1669 640 1721 fere
671 1666 858 1721 multa
889 1664 1093 1736 peiora
1125 1667 1326 1717 secum
1353 1664 1573 1717 trahit=
1627 1674 1693 1717 ut
1734 1676 1874 1719 sunt
1910 1663 2109 1734 rixae,
2158 1665 2405 1736 ineptae

127 1688 625 1810 gesticu‘iationes,
676 1735 987 1789 lasciviam
1030 1731 1095 1787 'et
1135 1749 1284 1800 quae
1327 1749 1643 1785 recensere
1680 1751 1800 1787 non
1836 1743 1924 1787 est
1961 1751 2221 1789 necesse.
2294 1737 2410 1802 ves

128 1825 248 1861 rum
288 1808 638 1869 antithesis,
691 1807 839 1876 quae
878 1804 1056 1873 paulo
1099 1812 1233 1871 post
1271 1802 1621 1869 subiicitur,
1658 1804 1907 1856 Paulum
1936 1804 2093 1856 ultra
2119 1820 2226 1873 pro
2277 1802 2405 1857 redi

128 1879 385 1930 ostendit.
463 1877 612 1929 Nam
648 1871 825 1928 sicuti
866 1872 1201 1943 percussori
1240 1871 1505 1925 alienum
1548 1888 1581 1925 a
1621 1872 1864 1942 pugnis,
1918 1883 1977 1926 et
2014 1874 2207 1942 turpis
2269 1872 2406 1928 ucri

127 1946 331 2015 cupido
371 1942 766 2022 ἀφιλάργυρον
803 1941 1092 2013 opponit:
1154 1940 1241 1993 ita
1290 1948 1352 1992 et
1402 1942 1479 2007 τῷ
1529 1946 1780 2009 παροίνῳ
1831 1951 2240 2009 mansuetum,
2302 1941 2407 1995 vel

127 2029 384 2084 aequum.
475 2017 625 2082 Vera
663 2013 853 2082 igitur
900 2020 988 2062 est
1013 2008 1420 2077 chrysostomi
1461 2007 1918 2079 interpretatio,¹
1970 2010 2291 2064 temulenti
2329 2017 2403 2064 a‘o

123 2082 329 2136 ferocis
356 2084 585 2154 ingenii
611 2083 869 2135 homines
902 2080 975 2133 ab
1009 2081 1353 2147 episcopatu
1380 2076 1575 2129 reiici.
1666 2080 1836 2148 Quod
1867 2096 2271 2150 percussorem
2302 2097 2404 2131 acu

126 2151 266 2221 cipit
291 2154 451 2207 idem
482 2152 933 2218 chrysostomus
965 2166 1070 2216 pro
1099 2165 1168 2199 eo
1203 2146 1302 2216 qui
1332 2146 1535 2215 lingua
1569 2146 1712 2199 ferit
1749 2148 1888 2214 (hoc
1931 2157 2048 2218 est,
2104 2148 2403 2202 convitia-

126 2228 244 2289 tur,
290 2233 389 2275 aut
429 2221 655 2290 iurgiis
701 2217 1037 2289 protervius
1074 2215 1352 2286 insurgit)
1393 2232 1515 2267 non
1558 2217 1804 2284 recipio.
1890 2220 2014 2271 Nec
2058 2232 2154 2269 me
2194 2226 2403 2275 move-t

125 2288 236 2347 eius
262 2292 414 2343 ratio
436 2309 453 2343 ε
498 2289 652 2343 nihil
680 2290 811 2340 fore
841 2302 1153 2355 magnum,
1192 2286 1241 2335 si
1273 2300 1451 2337 manu
1480 2300 1600 2335 non
1628 2286 1833 2338 caedat
1862 2285 2207 2356 Episcopus.
2281 2287 2403 2338 Ge-

123 2360 397 2414 neraliter
441 2359 598 2412 enim
641 2367 781 2426 puto
821 2355 923 2409 hic
959 2354 1318 2424 reprehendi
1359 2350 1675 2424 militarem
1715 2354 2039 2421 ferociam,
2090 2371 2205 2424 qua
2241 2353 2420 2411 nihil'

123 2427 302 2483 minus
331 2431 505 2482 decet
534 2426 753 2491 Christi
784 2441 1002 2478 servos.
1087 2424 1319 2494 Quanto
1352 2423 1507 2489 enim
1535 2440 1596 2475 se
1626 2423 1886 2477 ludibrio
1917 2432 2249 2494 exponant,
2286 2442 2418 2478 ηοω

122 2505 238 2550 tum
265 2508 385 2566 est,
412 2498 543 2568 *qui
571 2498 641 2549 ad
674 2494 1069 2564 infligendum
1097 2492 1281 2563 pugni
1309 2491 1534 2558 ictum,
1584 2509 1660 2544 ne
1690 2493 1880 2546 dicam
1906 2495 1976 2545 ad
2002 2492 2266 2564 gladium
2296 2511 2399 2548 ex-

123 2569 458 2634 serendum,
511 2575 647 2618 sunt
689 2564 1090 2634 promptiores
1134 2578 1306 2631 quam
1347 2563 1418 2613 ad
1462 2561 1751 2629 pacandas
1784 2580 1887 2615 sua
1916 2562 2216 2632 gravitate
2242 2563 2400 2615 alio-

122 2650 242 2688 rum
269 2637 427 2689 lites.
509 2638 887 2688 Percussores
919 2648 1062 2701 ergo
1092 2641 1264 2683 vocat
1292 2630 1573 2697 minaces,
1611 2641 1670 2682 et
1699 2630 1905 2684 Martii
1939 2631 2173 2684 caloris.
2253 2630 2402 2684 Tur·-

121 2704 258 2770 pim·
297 2707 450 2757 lucri
490 2705 686 2772 cupidi
721 2711 858 2754 sunt
900 2700 1061 2754 avari
1103 2717 1340 2752 omnes:
1406 2716 1547 2752 nam
1589 2701 1921 2770 ubicunque
1968 2700 2085 2752 erit
2127 2700 2399 2772 avaritia,

120 2773 281 2829 simul
308 2774 422 2827 erit
450 2772 568 2824 hoc
597 2774 804 2840 turpe,
842 2770 1009 2822 cuius
1037 2768 1315 2822 meminit
1344 2770 1675 2836 Apostolus.
1751 2770 1865 2839 Qui
1895 2768 2055 2822 dives
2081 2767 2215 2820 fieri
2241 2772 2396 2841 vult,

114 2851 175 2901 et
201 2844 315 2894 cito
347 2843 475 2895 vult
499 2841 663 2906 fieri:
715 2840 916 2910 inquit
945 2839 1068 2890 ille.
1156 2839 1309 2890 Hinc
1340 2838 1412 2889 fit
1441 2847 1507 2891 ut
1534 2837 1700 2891 avari
1731 2855 1968 2904 omnes,
2019 2836 2248 2891 etiamsi
2286 2856 2399 2908 pa..

119 2908 227 2962 lam
262 2913 320 2963 id
361 2928 485 2964 non
523 2921 838 2978 appareat,
887 2908 959 2959 ad
995 2906 1195 2960 foedos
1234 2917 1295 2958 et
1334 2905 1585 2959 illicitos
1625 2910 1918 2977 quaestus
1949 2908 2209 2961 animum
2243 2909 2397 2962 adii·-

121 2980 283 3033 ciant.
352 2982 557 3050 Quare
579 2978 721 3032 huic
755 2969 900 3030 {titio
935 2977 1178 3047 opponit
1208 2985 1623 3044 contemptum
1657 2976 1979 3044 pecuniae:
2031 2975 2217 3029 sicuti
2259 2978 2398 3031 nul.-
2425 3010 2444 3023 ι

117 3045 233 3101 lum
276 3058 369 3100 est
401 3048 569 3100 aliud
610 3048 970 3114 remedium,
1027 3062 1143 3115 quo
1183 3047 1540 3113 corrigatur.
1636 3046 1752 3116 Qui
1790 3054 2241 3115 paupertatem,
2299 3048 2396 3100 in,-

157 3133 303 3185 uam,
340 3134 528 3187 aequo
557 3116 886 3186 libentique
913 3114 1108 3168 animo
1137 3129 1258 3165 non
1288 3113 1463 3179 feret,
1500 3131 1805 3186 nunquam
1834 3112 2086 3184 effugiet
2112 3115 2398 3170 morbum

116 3183 136 3234 i
161 3185 278 3238 lum
303 3187 577 3239 sordidae
609 3202 677 3237 ac
709 3185 940 3237 servilis
969 3184 1324 3253 cupiditatis.
1388 3184 1765 3236 Percussoris
1790 3184 2079 3236 vocabulo
2105 3185 2395 3252 opposuit

117 3270 346 3323 aequum
370 3262 437 3306 ,ει
468 3257 721 3307 alienum
749 3271 783 3303 a
804 3255 1039 3321 pugnis.
1129 3256 1362 3320 Aequus
1392 3260 1589 3306 autem
1607 3287 1624 3318 ,
1673 3248 1856 3322 quem‘
1875 3252 2210 3307 temulento
2235 3254 2395 3312 dixi.-

115 3336 232 3376 mus
258 3323 511 3397 opponi,
557 3331 808 3393 vocatur
848 3320 951 3394 qui
992 3320 1228 3390 placido
1270 3329 1330 3374 et
1363 3321 1671 3373 moderato
1718 3321 1915 3375 animo
1950 3320 2206 3376 iniurias
2232 3322 2398 3381 ferre

113 3392 300 3459 novit,
336 3395 437 3461 qui
468 3393 652 3445 multa
681 3391 1015 3457 condonat,
1053 3390 1150 3460 qui
1182 3387 1569 3460 indignitates
1599 3390 1866 3457 devorat,
1904 3390 2008 3462 qui
2034 3407 2149 3453 nec
2177 3407 2392 3459 aspero
2469 3450 2472 3455 ,

111 3459 299 3531 rigore
337 3461 739 3513 formidabilis
783 3469 903 3524 est,
948 3476 1061 3512 nec
1089 3459 1160 3511 ad
1187 3475 1486 3513 summum
1515 3459 1607 3511 ius
1632 3460 1829 3512 omnia
1861 3460 2063 3530 exigit.
2146 3459 2390 3517 Alienus

111 3544 142 3580 a
169 3547 242 3596 pu
325 3531 405 3598 is,
444 3532 542 3601 qni
573 3529 737 3609 (ugit
763 3530 1179 3581 contentiones
1209 3538 1269 3580 et
1298 3528 1643 3581 certamina.
1720 3530 1873 3582 Nam
1902 3539 1971 3600 ut
1995 3527 2146 3589 alibi
2178 3529 2392 3585 scribit

113 3599 210 3665 (11.
281 3600 378 3652 im.
405 3601 460 3666 2,
489 3599 641 3662 240:
684 3600 820 3650 Non
844 3599 1018 3651 decet
1042 3614 1245 3662 servos
1271 3595 1526 3649 Domini
1562 3614 1690 3650 esse
1722 3612 2045 3667 pugnaces.

158 3710 169 3721 η
235 3667 286 3718 4.
363 3667 478 3736 Qui
520 3668 719 3720 domui
754 3684 893 3718 suae
932 3668 1068 3719 bene
1095 3667 1345 3733 praesit.
1429 3666 1582 3718 Hinc
1620 3675 1904 3736 apparet,
1947 3682 2073 3720 non
2245 3665 2389 3726 iria

109 3731 281 3787 Paulo
308 3737 667 3806 Episcopum
691 3735 987 3789 humanae
1015 3735 1169 3787 vitae
1196 3752 1270 3787 ex
1317 3744 1502 3788 ertem
1519 3772 1537 3801 ,
1589 3740 1688 3787 sed
1723 3737 1943 3789 bonum
1972 3746 2033 3789 et
2060 3752 2171 3817 pro
2218 3724 2403 3791 atum*

138 3805 614 3880 ,atremfamiliaa
683 3805 836 3856 Nam
863 3813 1165 3873 utcunque
1192 3753 1375 3872 vufgo
1404 3803 1536 3871 plus
1559 3802 1779 3857 habeat
1807 3803 2223 3858 admirationis
2248 3821 2385 3858 cae-

132 3869 315 3925 xbatus
343 3885 402 3925 et
431 3874 547 3928 vita
577 3872 1020 3942 philosophica,
1057 3890 1211 3943 quae
1236 3889 1478 3942 prorsus
1503 3883 1732 3925 remota
1759 3872 1840 3925 sit
1865 3890 1900 3925 a
1925 3872 2228 3927 communi
2254 3891 2384 3926 mo·

106 3952 200 3993 re:
251 3944 613 4010 experientia
647 3952 849 3995 tamen
892 3940 1025 4011 ipsa
1062 3941 1455 4010 prudentibus
1497 3943 1734 4009 quidem
1766 3950 1826 3993 et
1853 3941 2242 3995 consideratis
2272 3943 2383 3995 ho·

110 4007 356 4063 minibus
393 4011 945 4078 hodxdemons-trat,
997 4027 1097 4063 eos
1126 4012 1197 4063 ad
1224 4009 1552 4078 regendam
1584 4009 1909 4063 Ecclesiam
1936 4010 2128 4081 magis
2153 4012 2392 4064 forma«

109 4082 197 4129 tos
224 4094 348 4131 esse
375 4078 438 4132 et
465 4079 756 4148 aptiores,
784 4079 906 4151 Xq‘ui·
934 4096 1310 4133 communem
1342 4079 1521 4130 vitam
1547 4092 1667 4130 non
1694 4079 2014 4148 ignorant,
2051 4080 2150 4132 sed
2179 4080 2242 4132 in
2270 4081 2375 4133 hu·

107 4157 304 4198 manae
340 4147 813 4203 conversationis
851 4148 1071 4213 officiis
1111 4156 1246 4201 sunt
1288 4147 1622 4199 exercitati.
1709 4148 1965 4217 Ideoque
2009 4149 2374 4202 observanda

111 4223 193 4264 est
219 4216 390 4280 ratio,
429 4235 578 4286 quae
607 4217 784 4289 paulo
817 4227 951 4285 post
979 4212 1251 4283 additur,
1291 4216 1545 4269 Minime
1570 4233 1774 4283 parem
1800 4216 1956 4283 fore,
2001 4216 2377 4271 ubernandae

108 4278 395 4337 Ecclesiae
423 4286 573 4352 Dei,
624 4287 727 4356 qui
767 4285 1031 4339 familiae
1070 4296 1340 4355 praeesse
1376 4283 1620 4337 nesciet.
1702 4285 1874 4354 Atqui
1903 4296 1960 4338 ta
1988 4301 2049 4336 es
2076 4295 2213 4337 sunt
2243 4302 2372 4354 per·

106 4351 304 4420 multi,
354 4355 477 4405 imo
509 4355 634 4413 fere
666 4371 901 4421 omnes,
952 4354 1057 4425 qui
1086 4368 1157 4406 ex
1191 4355 1469 4423 otiosaqet
1495 4352 1764 4407 solit'aria
1793 4350 1939 4419 vita,
1997 4351 2265 4422 quasiex
2291 4354 2398 4405 Ina-'‘-

105 4416 316 4489 tsbris,
365 4423 796 4497 extrahuntur5
849 4422 1884 4507 sylvestresscilicet·quodammodo
1915 4421 2235 4481 et‘nuflius
2262 4424 2388 4477 ltu-1
