2820 4895
210 207 229 214 Ἀ
308 227 435 298 ies
604 239 609 244 ·
698 324 709 338 ἱ
820 229 935 293 ω’(ι
1000 185 1626 298 Eiuro-nia-
1685 177 2025 301 ‘raum

311 396 564 472 ideoqu-
611 396 689 474 in
742 397 927 454 vitam
972 398 1143 453 hiero
1196 399 1359 466 esso,
1408 401 1588 472 paulo
1628 409 1767 455 ante
1808 376 2082 455 vidimus.
2164 367 2388 456 Deinde
2433 400 2632 455 aliud·
2724 398 2730 414 '
2792 373 2794 412 λ

320 467 523 522 εῑίευη
549 467 1044 521 considerandum
1083 478 1209 535 est,
1257 486 1373 524 non
1402 477 1527 522 esse
1556 485 1796 537 parvam
1827 467 2272 538 dignationem,
2324 487 2499 539 quum
2533 487 2607 521 se*

314 535 481 615 Deus
515 535 577 588 in
616 537 793 591 nobis
836 533 1160 610 glorificat.
1214 553 1330 592 non
1360 547 1484 602 tam
1514 539 1675 592 enim
1704 539 2003 606 respicere
2035 539 2219 592 vitam
2244 540 2432 608 ipsam
2463 535 2608 590 con-⁸

318 612 520 670 venit,
566 621 741 675 quam
770 604 1003 658 vivendi
1030 603 1230 661 finem.
1384 609 1503 663 Sed
1528 605 1707 676 eliani
1737 607 1856 659 mei
1867 646 1884 675 ,
1927 607 1990 658 u't
2016 624 2089 659 ne
2116 609 2427 660 tristitiam.
2496 610 2599 659 Fa-

316 680 485 725 tetur
512 673 727 728 Paulus
759 675 1036 728 acerbam
1062 674 1175 728 sibi
1202 676 1469 730 futuram
1498 676 1684 728 fuisse
1711 676 2105 746 Epaphroditi
2138 686 2423 740 mortem:
2462 684 2518 726 et
2540 676 2603 724 in
2633 693 2638 698 ⁴

320 757 392 796 eo
421 741 538 795 sibi
566 743 863 811 parcitum
892 743 1069 812 fuisse
1098 760 1131 795 a
1160 745 1285 797 Deo
1311 746 1614 813 agnoscit,
1664 746 1819 813 quod
1853 744 2163 806 restitutus
2189 744 2308 797 fuit
2337 741 2477 796 ‘suae
2512 759 2608 794 va·

318 808 595 868 let-adini.
668 812 832 879 Ergo
872 828 995 876 non
1034 812 1224 865 iactat
1250 815 1590 867 Stoicorum
1630 810 1945 878 ἀπάθειαν,
2001 814 2167 881 quasi
2199 813 2429 865 ferreus
2463 817 2608 862 esset

320 894 393 932 ac
421 876 707 934 immunis
733 884 805 932 ab
832 880 1107 954 humanis
1132 882 1465 938 affectibus..
1531 882 1686 951 Quid
1711 883 1935 950 igitur?
1974 882 2131 949 dicet
2158 882 2473 951 quispiam,
2508 877 2604 932 ubi
2627 922 2642 934 Ι

322 955 416 1016 est
435 947 659 1001 invicta
686 949 797 1008 illa
820 950 1162 1017 magnitudo
1191 951 1425 1016 animi?
1469 951 1570 1012 ubi
1599 947 1888 1016 indefessa
1919 946 2295 1005 constantia?
2352 950 2603 1017 Respon-

322 1016 470 1082 deo,
523 1017 927 1074 Christianam
957 1018 1299 1087 patientiam
1333 1019 1549 1089 procul
1585 1036 1618 1070 a
1655 1019 2036 1073 contumacia
2075 1018 2493 1088 philosophica
2530 1017 2609 1067 di-

326 1093 518 1138 stare:
563 1087 791 1141 nedum-
812 1102 845 1140 a
875 1090 1211 1155 praefracta
1240 1089 1346 1141 illa
1377 1097 1437 1140 et
1464 1087 1711 1140 immani
1740 1090 1965 1143 duritia
1991 1087 2358 1143 Stoicorum.
2432 1086 2606 1137 Cuius

328 1155 483 1226 enim
522 1155 770 1210 virtutis
813 1164 1002 1224 esset,
1034 1159 1337 1224 patienter
1370 1157 1546 1209 ferre·
1568 1174 1808 1210 crucem
1830 1196 1846 1226 ,
1888 1158 1941 1210 si
1970 1158 2033 1209 in
2063 1172 2131 1207 ea
2162 1158 2359 1209 nullus
2394 1156 2632 1219 inesset.

331 1223 556 1275 doloris
597 1235 658 1278 et
696 1225 1041 1280 acerbitatis
1084 1225 1333 1294 sensus?
1404 1227 1565 1282 Dum
1607 1244 1746 1278 vero
1765 1239 1773 1264 ³
1790 1229 1955 1292 hunc
1995 1243 2231 1278 sensum
2277 1224 2465 1277 vincit
2502 1220 2616 1274 Dei

330 1291 702 1359 consolatio,
754 1305 821 1347 ut
851 1311 972 1352 non
1017 1311 1452 1366 repugnemus,
1498 1295 1603 1348 sed
1634 1295 1838 1365 potius
1879 1292 2139 1348 volentes
2180 1305 2419 1361 tergum
2456 1307 2617 1358 prae-

329 1353 579 1416 beamus
612 1360 860 1416 ferulis‘x
915 1372 1041 1416 tum
1070 1380 1211 1422 vero
1241 1361 1609 1416 sacrificium
1635 1365 2008 1417 obedientiae
2042 1363 2348 1414 offerimus
2370 1363 2497 1414 Deo
2527 1374 2618 1411 sc-

282 1495 293 1501 (
332 1437 595 1497 ceptum.
665 1432 759 1483 Ita
785 1431 1001 1484 Paulus
1042 1431 1269 1485 fatetur
1310 1430 1653 1496 molestiam
1691 1449 1753 1487 se
1794 1433 2052 1504 aliquam
2088 1432 2318 1484 sentire
2355 1440 2419 1482 et
2456 1427 2619 1481 dolo·

330 1514 461 1568 rem
489 1515 559 1551 ex
588 1498 862 1562 vinculis;
918 1499 1021 1556 sed
1047 1501 1249 1554 eadem
1276 1499 1383 1552 illa
1414 1501 1653 1554 vincula
1682 1504 1757 1554 ob
1791 1502 2093 1555 Christum
2117 1501 2388 1552 suaviter
2411 1496 2620 1549 nihilo·

334 1567 528 1621 minus
554 1567 813 1621 ferebat.
889 1570 1143 1623 ’Fatetur
1173 1585 1235 1622 se
1264 1571 1523 1636 graviter
1547 1569 1812 1625 laturum
1839 1570 2021 1623 fuisse
2051 1568 2443 1638 Epaphroditi
2473 1580 2625 1616 mor-

334 1637 489 1694 tem:
545 1636 651 1690 sed
686 1637 925 1690 tandem
960 1638 1242 1691 affectum
1286 1651 1458 1692 suum
1501 1641 1935 1707 composuisset
1980 1637 2052 1690 ad
2088 1639 2204 1690 Dei
2245 1637 2627 1700 voluntatem.

339 1705 687 1776 Quanquam
710 1709 976 1759 nondum
1003 1706 1179 1777 plane
1204 1705 1404 1760 soluta
1432 1715 1525 1758 est
1550 1715 1680 1758 tota
1708 1707 2054 1762 difficultas.
2085 1716 2311 1760 nam-et
2331 1714 2474 1756 tanc
2500 1711 2632 1772 pro-f

334 1773 542 1838 bamus
586 1783 853 1828 nostram
891 1775 1320 1840 obedientiam,
1373 1790 1555 1846 quum
1595 1775 1847 1843 vitiosos
1884 1786 2117 1828 nostros
2152 1776 2407 1829 affectus
2438 1773 2631 1826 frena-

337 1859 505 1907 mus,
567 1858 679 1896 nec
716 1843 982 1897 cedimus
1025 1844 1219 1896 carnis
1261 1843 1631 1897 infirmitati.
1732 1848 1869 1898 Duo
1907 1845 2117 1913 itaque
2157 1852 2299 1897 sunt
2340 1842 2629 1895 notandas

339 1910 607 1977 primum
649 1912 930 1978 affectus,
975 1929 1120 1983 quos
1146 1915 1308 1965 Deus
1345 1911 1526 1964 initio
1563 1921 1817 1966 naturae
1849 1925 2102 1965 nostrae
2141 1912 2408 1977 indidit,
2443 1925 2551 1978 per
2573 1925 2632 1960 se

336 1994 464 2034 non
488 1993 614 2033 esse
638 1979 826 2035 malos
848 2020 865 2048 ,
907 1984 1047 2053 quia
1075 1997 1196 2033 non
1265 1981 1582 2035 roveniunt
1611 2000 1682 2036 ex
1704 1991 1958 2040 naturae
1981 1986 2308 2050 corruptae
2332 1981 2522 2044 vitio‚·
2538 1975 2634 2030 sed

1262 2047 1283 2061 U·

341 2065 378 2103 a
405 2050 535 2102 Deo
574 2058 820 2101 auctore
860 2059 1117 2104 nianant.
1168 2061 1230 2102 ta
1256 2067 1308 2103 is
1337 2058 1428 2103 est
1452 2049 1663 2116 dolor,
1713 2051 1815 2120 qui
1849 2069 1919 2105 ex
1949 2059 2145 2103 morte
2178 2050 2514 2103 amicorum
2543 2055 2636 2097 ca·

342 2117 549 2187 pitur-*s
596 2118 830 2172 Deinde
862 2121 1010 2174 alias
1039 2119 1220 2172 fuisse·
1237 2119 1424 2176 Paulo,
1450 2119 1783 2187 complures
1810 2136 2031 2185 causas,
2072 2121 2453 2189 cur“lugeret
2480 2131 2636 2171 mot·

342 2195 465 2243 tem
494 2186 919 2256 Epaphroditi,
965 2205 1083 2241 nec
1123 2203 1223 2239 eas
1263 2188 1456 2240 solum
1499 2187 1899 2255 excusabiles,
1948 2187 2052 2240 sed
2085 2204 2340 2256 prorsus
2378 2200 2638 2239 necessa-

344 2254 487 2309 rias.
557 2256 689 2311 Hoc
727 2257 930 2326 primo
967 2255 1245 2309 fidelibus
1284 2264 1642 2324 perpetuum
1680 2267 1797 2323 est,
1846 2258 2004 2328 quod
2041 2257 2103 2308 in
2142 2267 2344 2321 morte
2381 2252 2639 2306 cuiusvis

345 2325 422 2376 de
450 2325 543 2377 ira
569 2323 689 2378 Dei
727 2327 1004 2379 adversus
1043 2333 1360 2395 peccatum
1396 2325 1885 2382 commonefiunt.
1931 2328 2037 2378 sed
2066 2326 2285 2379 Paulus
2315 2323 2506 2393 magis
2534 2322 2641 2373 Ec-

348 2392 569 2447 clesiae
609 2394 836 2449 iactura
881 2396 1266 2461 movebatur,
1317 2410 1495 2466 quam
1538 2395 1821 2447 cernebat
1858 2394 2086 2464 optimo
2120 2394 2373 2447 Pastore
2404 2386 2641 2445 destitui

345 2464 411 2519 in
450 2471 615 2516 tanta
655 2465 949 2518 bonorum
990 2463 1317 2532 paucitate.
1405 2463 1715 2516 Eiusmodi
1749 2464 1998 2516 affectus
2035 2462 2138 2533 qui
2178 2465 2455 2516 sublatos
2477 2474 2644 2531 pror·

347 2549 448 2585 sus
488 2534 915 2620 etyxstinctos
952 2531 1193 2599 volunt,
1241 2548 1363 2585 non
1401 2548 1610 2599 saxeos
1655 2540 1888 2585 tantum
1924 2533 2160 2601 fingunt
2197 2532 2515 2597 homines„
2550 2524 2647 2579 sed
2677 2546 2682 2551 ·

346 2602 515 2656 feros
560 2613 622 2655 et
668 2602 1060 2661 truculentos.
1159 2601 1483 2654 Caeterum
1531 2600 1594 2653 in
1643 2601 1757 2654 hac
1805 2610 2060 2653 naturae
2113 2600 2453 2654 vitiositate
2507 2598 2647 2649 adeo

350 2668 727 2741 munia‚sunt
758 2670 820 2722 in
862 2671 1032 2723 nobis
1071 2684 1380 2738 perversa,
1436 2678 1501 2724 ut
1538 2680 1896 2739 quocunque
1935 2678 2294 2722 moveantur
2329 2667 2518 2721 animi
2547 2681 2650 2717 no·

348 2734 509 2806 stri,
536 2744 774 2808 semp‘er
812 2740 1052 2793 modum
1094 2739 1403 2793 excedant.
1492 2739 1646 2791 Hinc
1671 2738 1741 2790 fit
1769 2751 1833 2791 ut
1861 2734 2008 2790 nihil
2082 2750 2148 2791 er
2178 2756 2242 2791 se
2281 2749 2408 2791 tam
2444 2737 2521 2788 sit
2555 2752 2655 2803 pu-

347 2825 484 2864 rum
509 2816 613 2861 aut
643 2818 905 2878 rectum,
940 2807 1098 2878 quod
1123 2824 1247 2859 non
1276 2806 1504 2877 aliquid
1536 2806 1907 2876 contagionis
1938 2818 2031 2859 tra
2080 2816 2158 2860 at.
2253 2809 2419 2879 Quin
2448 2805 2654 2859 Paulus
2691 2852 2696 2859 .

350 2879 446 2943 (ut
479 2877 663 2931 homo
703 2882 854 2945 erat)
893 2878 1213 2931 humanum
1252 2875 1488 2945 aliquid
1523 2892 1729 2944 passus
1774 2876 1961 2929 fuerit
1999 2875 2064 2926 in
2103 2891 2211 2928 suo
2256 2877 2507 2940 dolore,
2539 2880 2658 2926 no‘n

350 2962 532 3014 nego.
582 2960 735 2999 nam·
766 2957 826 2998 et
859 2945 1216 2999 infirmitate
1256 2944 1606 3010 laborabat,
1658 2956 1717 2996 et
1744 2943 2179 2997 tentationibus
2218 2946 2448 3013 agitari
2485 2940 2661 3013 opor·

346 3015 476 3069 tuit
495 3052 513 3083 ,
550 3022 618 3068 nt
651 3016 936 3071 certando
962 3025 1024 3069 et
1047 3014 1381 3069 resistendo
1409 3013 1689 3067 vincendi
1718 3013 1972 3068 haberet
1994 3013 2336 3067 materiam.
2538 3043 2545 3047 -

490 3120 582 3176 28.
653 3119 976 3191 Studi’osius
999 3123 1333 3176 mis-imum.
1420 3120 1555 3173 Non
1587 3120 1796 3186 exiguo
1824 3117 2036 3170 solatio
2059 3117 2152 3170 illi
2186 3131 2321 3172 erat
2352 3118 2665 3187 Epaphro-

356 3187 465 3247 diti
497 3188 864 3261 praesentia:
914 3190 1058 3244 adeo
1089 3199 1292 3243 tamen
1324 3189 1805 3259 Philippensium
1822 3187 2083 3241 salutem
2110 3190 2507 3256 praeferebat
2532 3201 2666 3240 suae

303 3290 307 3294 ·
359 3258 805 3327 commoditati,
855 3269 922 3312 ut
946 3259 1193 3312 dicatse
1217 3257 1432 3311 laetari
1461 3260 1585 3310 eius
1614 3257 1909 3319 discessu,
1948 3257 2090 3325 quia
2121 3255 2323 3310 tristis
2357 3269 2526 3320 erat,
2565 3270 2670 3308 sua

358 3325 1016 3389 occasionedistrahia
1049 3343 1231 3397 grege
1263 3326 1359 3378 illi
1393 3324 1746 3391 commisso,
1786 3325 2031 3395 eiusque
2061 3325 2292 3378 officiis
2329 3324 2670 3396 quamlibet

355 3396 632 3450 iucundis
673 3396 892 3451 invitus
937 3396 1248 3449 fruebatur
1285 3411 1666 3462 cum-eorum
1709 3393 1964 3449 iactura.
2016 3393 2152 3453 ideo
2193 3394 2569 3449 hilariorem
2607 3406 2669 3444 se

355 3466 492 3522 fore
525 3466 678 3520 dicit
707 3463 1181 3534 Philippensium
1210 3465 1450 3533 gaudio.
1775 3477 1780 3482 ·
2413 3480 2420 3485 x

450 3591 453 3599 ·
497 3548 588 3620 26.
657 3560 916 3631 Excipz‘ee
952 3580 1085 3616 eum
1126 3581 1253 3616 cum
1296 3563 1461 3614 omni
1492 3542 1717 3628 gaudio.
1785 3550 1996 3615 'Omne
2023 3560 2256 3629 accipit
2282 3580 2402 3633 pro
2440 3563 2686 3616 sincero

361 3643 424 3691 at
465 3636 673 3689 effuso.
758 3634 1105 3703 Rursusque
1144 3649 1280 3687 eum
1326 3631 1695 3684 commendat
1729 3630 2251 3699 Philippensibus.
2310 3633 2469 3684 adeo
2516 3640 2676 3684 totus
2761 3662 2766 3675 ,

357 3705 423 3760 in
452 3704 568 3758 hoc
599 3713 721 3770 est,
771 3714 844 3761 ut
870 3700 1115 3771 plurimi
1149 3701 1570 3766 aestimentur,
1624 3700 1969 3769 quicunque
1995 3717 2056 3751 se
2088 3700 2357 3768 probant
2387 3702 2583 3755 bonos
2617 3706 2677 3748 et

357 3772 509 3831 fidos
538 3774 836 3831 Pastores.
885 3786 1081 3839 neque
1116 3770 1278 3823 enim
1317 3770 1390 3821 de
1436 3786 1552 3821 uno
1596 3778 1838 3822 tantum
1880 3769 2028 3837 agit,
2075 3768 2174 3821 sed
2209 3768 2390 3820 iubet
2429 3778 2678 3821 cunctos

360 3844 511 3897 tales
544 3843 615 3894 ·in
660 3838 1129 3910 pretio'haberi.
1159 3847 1325 3893 ,sunt
1359 3842 1521 3890 enim
1553 3838 1919 3906 margaritae
1954 3852 2025 3888 ex
2052 3837 2171 3890 Dei
2198 3836 2520 3901 thesauris
2552 3851 2684 3906 pre·

358 3917 584 3969 tineae:
639 3920 702 3963 et
742 3926 858 3980 quo
896 3908 1157 3961 rariores
1194 3915 1360 3972 sunt,
1412 3923 1481 3960 eo
1510 3900 1741 3959 niaiore
1767 3905 1929 3975 digni
1957 3906 2176 3975 pretio.
2252 3906 2391 3958 Nec
2427 3901 2684 3959 duliium

262 4010 267 4013 ,
365 3992 456 4037 est
535 3982 640 4034 uin
679 3994 854 4050 saepe
890 3977 1385 4047 ingratitudinem
1410 3987 1683 4030 nostram
1712 3983 1775 4026 et
1806 3975 2128 4043 superbum
2158 3973 2523 4041 fastidium,
2561 3972 2686 4043 pri-

364 4065 474 4105 van
522 4067 556 4102 o
585 4067 688 4103 nos
712 4048 885 4107 bonis
913 4044 1294 4111 Pastoribus,
1342 4046 1558 4114 puniat
1586 4045 1777 4110 Deus,
1815 4043 1968 4098 ‘dum
1995 4043 2156 4095 videt
2185 4043 2470 4109 optimos
2512 4058 2689 4114 quos·

362 4134 479 4194 que
504 4136 536 4173 a
563 4136 628 4173 se
657 4119 825 4185 datos
853 4119 980 4171 inre
1008 4114 1332 4168 contemni.
1404 4111 1522 4185 Qui
1549 4128 1694 4181 ergo
1725 4114 2013 4165 munitam
2039 4129 2165 4164 esse
2199 4111 2558 4165 Ecclesiam
2589 4126 2690 4162 cu·
2737 4130 2742 4131 ⁷

362 4192 455 4260 pit
497 4190 774 4242 adversus
814 4188 1096 4257 luporum
1135 4183 1383 4238 insidias
1428 4190 1490 4233 ot
1528 4181 1825 4246 insultus,
1849 4182 2136 4249 ,exemplo
2170 4180 2347 4231 Pauli
2380 4190 2563 4234 curet
2588 4181 2694 4232 bo-

364 4262 457 4313 nis
493 4257 835 4311 Pastor-ibus
863 4251 1195 4307 stabilitam
1227 4249 1688 4307 auctoritatem:
1739 4248 1896 4304 sicut
1921 4264 1955 4299 e
1981 4258 2273 4302 converso
2304 4250 2462 4313 nihil
2495 4247 2692 4317 magis

366 4336 645 4452 seuffit
683 4322 906 4380 diaboli
950 4336 1213 4394 organa,
1264 4337 1444 4395 quam
1481 4319 1655 4375 illam
1700 4318 2151 4393 quibuscunque
2188 4328 2462 4391 possunt
2499 4316 2694 4404 modis

360 4410 499 4471 poss
622 4410 743 4451 ars.
2189 4406 2192 4411 ·
