2820 4895
275 2250 278 2253 ·
341 2258 356 2267 *-
387 2236 956 2291 acerbitate-offensi
1003 2238 1077 2292 ad
1113 2239 1371 2292 caritatis
1403 2242 1596 2293 officia
1635 2254 1751 2292 non

389 248 520 314 soz
857 192 868 199 ’
957 244 1064 325 [N
1125 245 1750 339 ems‘ronau
1809 246 2193 341 mun-15

387 416 862 540 ξιιὲεοοωροιοιι
877 454 896 485 ,
938 431 1116 491 quam
1151 415 1293 472 dum
1322 425 1681 489 agnoscunt,
1729 417 1796 471 in
1829 417 2039 488 quibus
2075 432 2140 471 se
2173 416 2382 473 officiis
2425 434 2708 474 exercere

435 504 470 540 e
546 495 670 541 ant.
929 526 948 537 »ἦ
1177 494 1178 497 ’

459 618 472 623 „
524 559 579 611 2.
652 557 826 609 Senes
864 569 930 608 ut
961 557 1156 608 sobrii
1191 560 1334 610 sint.
1417 555 1506 608 Ab
1550 554 1758 608 officiis
1796 552 2252 627 particularibus
2293 555 2551 627 incipit,
2590 574 2707 628 quo

391 629 584 696 magis
616 625 916 695 popularis
946 626 1024 679 sit
1053 641 1269 681 sermo.
1339 624 1410 677 Id
1439 633 1637 679 autem
1669 626 1821 679 facit
1858 642 1980 678 non
2025 626 2239 694 modo',
2276 637 2343 679 ut
2379 644 2446 681 se
2485 637 2706 681 attem—

389 707 561 768 peret
586 697 661 748 ad
701 711 903 748 eorum
946 704 1214 778 captum,
1263 696 1364 748 sed
1401 703 1472 747 ut
1512 697 1695 767 magis
1736 712 2217 768 unumquemque
2248 709 2511 765 premat.
2588 697 2706 751 Ge-

391 767 608 820 neralis
649 767 809 818 euim
854 766 1124 817 doctrina
1164 767 1359 818 minus
1388 765 1605 831 afficit3
1655 767 1756 819 ubi
1799 777 1998 831 autem
2023 766 2230 836 paucis
2258 771 2539 837 exemplis
2566 784 2703 836 pro-

390 837 599 908 positis
639 834 895 907 singulos
933 835 1259 891 vocationis
1294 851 1434 888 suae
1464 835 1808 905 admonuit,
1844 852 2021 889 nemo
2052 845 2175 900 est,
2214 838 2466 892 eutnon
2493 854 2704 908 prom-

388 916 557 977 ptum
592 903 669 957 sit
705 905 1010 975 colligere,
1058 906 1169 958 sibi
1210 920 1247 958 a
1271 906 1529 959 Domino
1567 909 1709 973 satis
1749 908 2022 959 mandari
2061 908 2318 976 negotii,
2374 908 2441 960 in
2484 924 2607 979 quo
2644 926 2704 962 se

390 985 679 1040 exenceat.
764 975 1017 1028 Proinde
1052 991 1171 1027 non
1211 984 1335 1041 est,
1386 976 1550 1046 quod
1590 977 1689 1030 hic
1728 977 2069 1031 methodum
2115 979 2524 1047 requiramus,
2565 978 2703 1048 quia

390 1045 902 1101 consilium'Pauli
941 1046 1224 1098 duntaxat
1253 1046 1404 1113 fuit,
1442 1047 1699 1111 breviter
1721 1048 2026 1115 indicare,
2067 1047 2272 1117 quibus
2300 1047 2374 1102 de
2412 1049 2593 1100 rebus
2615 1050 2702 1101 lo·

388 1117 492 1188 qui
519 1117 770 1173 debeant
794 1117 878 1185 pii
903 1117 1192 1170 Doctores
1209 1134 1242 1181 ,s
1268 1122 1385 1168 non
1412 1126 1611 1169 autem
1640 1119 1877 1188 plenam
1907 1133 2112 1171 earum
2143 1132 2339 1172 rerum
2381 1119 2703 1171 tractatio-

329 1244 337 1255 ·
389 1203 530 1241 nem
557 1189 873 1256 suscipere.
905 1186 920 1191 “
942 1187 1164 1239 Senum
1185 1186 1458 1240 meminit
1488 1188 1679 1255 primo
1725 1189 1880 1242 loco.
1954 1188 2069 1241 Eos
2111 1187 2238 1240 vult
2280 1202 2408 1240 esse
2452 1188 2696 1256 sobrios,

390 1258 528 1330 quia
559 1258 770 1310 vitium
799 1259 1086 1311 senectuti
1112 1265 1199 1308 est
1227 1257 1402 1308 nimis
1432 1257 1726 1310 familiare
1749 1258 2065 1312 bibaoitas.
2104 1252 2496 1326 Gravitatein‘,
2528 1273 2701 1328 quam

392 1328 653 1395 subiicit,
675 1326 1016 1380 ¹concilient
1045 1342 1242 1379 mores
1270 1325 1422 1379 bene
1446 1330 1779 1398 compositi.
1855 1326 2017 1380 Nihil
2048 1328 2207 1380 enim
2229 1328 2483 1396 foedius,
2525 1343 2699 1399 quam

388 1414 567 1453 senex
598 1397 939 1450 iuveniliter
973 1396 1322 1462 lasciviens,
1381 1404 1443 1448 et
1485 1399 1586 1466 qui
1633 1414 1737 1451 sua
1779 1396 2214 1462 incontinentia
2258 1397 2698 1452 adolescentum

386 1468 809 1538 impudentiam
835 1477 1032 1535 auget.
1100 1468 1258 1536 Ergo
1293 1467 1356 1517 in
1402 1484 1607 1520 senum
1634 1470 1754 1521 vita
1781 1467 2044 1520 reluceat
2080 1463 2380 1539 σεμνότης,
2432 1469 2554 1522 hoc
2597 1479 2694 1538 est,

389 1540 642 1609 dignitas
672 1537 1000 1610 quaedam,
1046 1553 1198 1607 quae
1227 1536 1633 1591 adolescentes
1674 1538 1751 1592 ad
1788 1538 2200 1591 verecundiam
2229 1546 2426 1607 cogat.
2500 1541 2573 1595 ld
2598 1555 2695 1609 po·-

388 1610 685 1669 tissimum
741 1616 1173 1679 consequentur
1227 1607 1651 1677 temperantia,
1718 1624 1895 1680 quam
1946 1623 2084 1660 mox
2135 1608 2390 1665 subiicit.
2556 1610 2695 1662 Sam·

378 1681 531 1750 fide.
601 1678 849 1744 Nescio,
889 1693 966 1728 an
996 1676 1232 1747 obliqua
1271 1677 1343 1729 sit
1376 1677 1585 1730 allusio
1613 1679 1685 1732 ad
1713 1680 1907 1731 varios
1930 1694 2141 1741 ‚senum
2167 1679 2405 1731 morbos
2426 1716 2444 1746 ,
2484 1679 2695 1748 quibus

389 1756 650 1816 opponat
683 1747 837 1800 hanc
870 1746 1101 1800 animae
1131 1747 1480 1810 sanitatem3
1520 1748 1664 1800 mihi
1705 1757 1863 1801 certe
1906 1748 1990 1800 ita
2028 1739 2289 1819 videtu'r,
2328 1744 2578 1804 tametsi
2610 1749 2699 1800 ni·

363 1816 475 1869 bil
503 1818 749 1870 affirmo.
821 1817 1120 1871 Summam
1149 1825 1343 1870 autem
1373 1817 1739 1872 Christianae
1774 1816 2154 1890 perfectionis
2188 1816 2280 1869 bis
2322 1819 2519 1871 tribus
2558 1835 2697 1886 par·-

386 1888 545 1940 tibus
573 1886 1053 1956 comprehendit,
1089 1904 1204 1941 non
1238 1888 1365 1940 sine
1390 1905 1583 1945 causa.
1650 1890 1786 1942 Fide
1821 1890 1978 1942 enim
2002 1890 2192 1945 Deum
2226 1886 2512 1956 colimus,
2561 1890 2695 1959 quia

384 1974 576 2027 neque
591 1959 896 2023 ,invocatio
914 1994 932 2025 ,
978 1974 1167 2027 neque
1208 1954 1348 2011 alia*
1367 1957 1608 2027 pietatis
1636 1960 1913 2012 exercitia
1938 1958 2200 2029 separari
2224 1958 2298 2009 ab
2334 1976 2402 2011 ea
2431 1968 2693 2027 possunt.

388 2029 649 2080 Dilectio
677 2029 1013 2081 extenditur
1051 2029 1124 2080 ad
1157 2030 1354 2083 omnia
1395 2031 1687 2082 secundae
1723 2030 1957 2086 tabulae
1999 2037 2334 2100 praecepta.
2402 2029 2695 2100 'Sequitur

385 2098 713 2166 patientia,
765 2098 930 2168 quasi
967 2100 1273 2168 utriusque
1317 2101 1770 2153 condimentum.
1866 2103 2021 2153 Nam
2064 2114 2171 2153 nec
2212 2099 2437 2168 absque
2487 2117 2561 2152 ea
2602 2100 2691 2152 diu

386 2166 774 2235 staret'fides,
816 2178 873 2220 et
913 2168 1173 2252 quotidie
1208 2154 1390 2221 multa
1424 2172 1730 2235 accidunt,
1770 2185 2021 2289 quorum
2049 2169 2139 2221 vel
2169 2169 2565 2239 indignitate,
2610 2168 2707 2221 vel'

1813 2241 2051 2309 anguidi
2085 2240 2296 2308 modo,
2348 2240 2457 2292 sed
2498 2243 2693 2293 exani·

384 2320 512 2360 mes
543 2324 832 2374 essemus,
868 2309 983 2361 nisi
1014 2307 1222 2363 eadem
1248 2311 1533 2378 patientia
1561 2326 1666 2363 nors
1697 2311 2017 2363 sustineret.
2080 2354 2083 2355 γ

524 2377 575 2431 3.
651 2380 809 2431 Anus
836 2381 1137 2431 similiter.
1216 2381 1523 2434 Matronas
1554 2389 1747 2433 aetate
1775 2389 2113 2447 provectas,
2153 2386 2216 2429 ut
2241 2376 2585 2447 plurimum.
2613 2378 2694 2429 ri-

387 2445 526 2499 dere
563 2456 678 2516 est,
719 2458 820 2501 aut
854 2447 1071 2521 lascjve
1109 2447 1300 2503 adhuc
1339 2469 1398 2504 se
1441 2453 1665 2520 colere,
1709 2459 1814 2502 aut
1851 2449 2073 2522 aliquid
2112 2447 2330 2500 habere
2371 2449 2439 2501 in
2488 2451 2693 2501 vestitu

385 2535 452 2571 su
498 2521 884 2587 erstitiosum,
929 2519 1063 2571 ‘raro
1097 2520 1358 2573 medium
1394 2530 1617 2575 tenent.
1687 2521 1929 2593 Utrique
1962 2521 2105 2571 vitio
2139 2535 2454 2571 occurrere
2482 2520 2693 2572 Paulus

382 2605 456 2640 vo
487 2589 602 2656 uit,
643 2590 881 2642 modum
909 2590 1345 2659 praescribens,
1390 2592 1490 2661 qui
1520 2600 1578 2643 et
1603 2590 1812 2642 decoro
1839 2600 1897 2642 et
1923 2589 2194 2659 religioni
2231 2598 2555 2656 congruat3
2597 2598 2693 2642 aut

387 2657 439 2712 si
465 2659 647 2712 mavis
673 2660 1025 2727 simplicius,
1070 2668 1137 2710 ut
1174 2659 1298 2728 ipso
1325 2659 1563 2732 'quoque
1598 2659 1803 2728 habitu
1836 2655 2066 2712 sanctas
2106 2669 2162 2709 et
2188 2659 2316 2727 pias
2348 2657 2413 2710 se'
2443 2675 2577 2710 esse
2610 2669 2690 2710 te·

382 2738 634 2784 stentur.
703 2730 834 2783 Alia
869 2731 1048 2784 etiam
1091 2730 1202 2783 duo
1244 2731 1419 2797 vitia,
1470 2730 1677 2801 quibus
1721 2730 1844 2782 fere
1882 2728 2167 2782 ohndxiae
2210 2736 2374 2797 sunt,
2430 2731 2688 2799 corrigit,

381 2799 518 2851 dum
569 2798 1049 2853 calumniatrices
1088 2816 1160 2850 ac
1200 2802 1444 2852 vinosos
1487 2819 1610 2853 esse
1652 2809 1826 2853 vetat.
1922 2799 2270 2869 Loquacitas
2318 2799 2564 2852 morbus
2611 2810 2691 2850 est

383 2868 721 2932 muliebris3
764 2886 897 2921 eum
931 2879 1196 2921 senectus
1233 2886 1445 2939 augere
1476 2872 1643 2924 solet.
1711 2871 1845 2922 Huc
1880 2867 2336 2939 accedit,rquod
2379 2869 2496 2921 sibi
2543 2883 2689 2921 nun·

384 2956 563 3009 quam
590 2939 727 2995 satis
755 2939 1005 2992 disertae
1032 2939 1303 2991 videntur
1328 2938 1632 3007 mulieres,
1671 2941 1785 2992 nisi
1812 2940 2040 2993 dicaces
2060 2941 2198 3005 ,sint
2235 2956 2305 2990 ac
2336 2938 2684 3004 maledicae,

381 3010 499 3063 nisi
559 3010 631 3063 de
684 3009 954 3063 omnibus
1006 3008 1337 3070 detrahant.
1436 3012 1525 3072 Ita
1568 3012 1670 3075 fit,
1737 3020 1803 3063 ut
1849 3010 2077 3063 vetulae
2125 3024 2547 3078 saepenumero
2599 3025 2688 3060 ca-

382 3081 573 3134 lumni
613 3139 618 3148 j
713 3096 818 3131 sua
844 3065 1221 3149 garrulitate,
1272 3080 1453 3147 quasi¹
1478 3080 1611 3134 face
1648 3081 1910 3147 ardenti,
1951 3080 2166 3133 multas
2210 3080 2408 3131 donsos
2450 3077 2686 3130 inflam-

380 3096 876 3204 mentf’multae
908 3150 1085 3208 etiam
1114 3150 1349 3202 bibulae
1375 3149 1543 3219 sunt,
1591 3166 1712 3221 ⁸quo
1743 3151 1845 3217 fit,
1894 3159 1961 3203 ut
1988 3147 2311 3202 modestiae
2340 3150 2688 3217 etgravita-

381 3222 458 3275 tis
481 3219 700 3272 oblitae
721 3220 1062 3273 indecenter
1091 3221 1473 3288 proterviant.
1549 3221 1856 3274 Caeterum
1885 3237 1997 3291 quo
2035 3220 2250 3290 magis·
2270 3223 2691 3280 attentaesint

383 3292 461 3356 ad
489 3289 781 3355 officium,
823 3290 1027 3356 docet,
1067 3307 1187 3346 non
1216 3290 1359 3342 satis
1390 3307 1550 3359 esse,
1587 3291 1636 3343 si
1664 3291 1905 3344 honeste
1935 3290 2049 3346 sibi
2089 3289 2317 3356 vivant,
2354 3288 2472 3341 nisi
2504 3290 2686 3352 etiam

385 3362 859 3414 adolescentulas
891 3360 1180 3414 institutis·
1209 3361 1323 3416 suis
1349 3360 1608 3414 forment
1633 3361 1707 3413 ad
1735 3361 2043 3415 honestam
2071 3377 2151 3412 ac.
2170 3360 2446 3429 pudicam
2487 3358 2691 3424 vitam,

303 3437 314 3448 ⁹
380 3429 524 3484 Ideo
556 3429 755 3496 addit,
797 3437 863 3482 ut
899 3437 1001 3489 suo
1038 3431 1306 3499 exemplo
1343 3432 1600 3483 iuniores
1638 3431 1887 3483 reddant
1928 3439 2316 3501 temperantes
2358 3435 2419 3479 et
2460 3443 2689 3497 graves,

381 3518 535 3571 quae
563 3500 784 3553 scilicet
811 3497 1030 3571 alioqui
1056 3503 1266 3554 aetatis
1295 3499 1528 3554 fervore
1554 3498 1865 3555 exsultant.
1982 3547 2001 3564 x
2435 3537 2463 3546 .,
2668 3535 2691 3578 ·.'

521 3569 576 3622 4.
649 3570 854 3621 Amant
894 3567 1183 3624 meriton*
1240 3572 1372 3623 Non
1399 3569 1708 3630 ‚assentior⁴
1730 3573 1837 3638 iis,
1892 3571 1994 3641 qui
2033 3574 2347 3640 praecepta
2389 3580 2693 3617 recentem

342 3654 345 3657 ’
382 3647 809 3710 putantsquae
840 3638 1075 3710 tradere
1120 3640 1371 3695 debeant
1409 3652 1710 3695 matronae
1755 3637 2230 3701 adolescentulis.
2301 3637 2457 3689 Nam
2486 3633 2535 3688 si
2565 3637 2697 3704 quis

382 3717 728 3761 contextum
779 3707 1092 3779 diligenter
1140 3712 1471 3779 expendat,
1512 3711 1688 3764 facile
1728 3711 2159 3765 animadvertet
2182 3706 2446 3760 *Paulum
2493 3704 2694 3772 officia

381 3778 698 3830 mulierum
733 3780 1040 3850 persequi,
1094 3797 1244 3850 quae
1274 3782 1600 3840 senioribus
1622 3782 1801 3836 etiam
1830 3780 2205 3833 conveniunt.
2244 3831 2251 3838 ,
2277 3774 2513 3829 Deinde
2546 3792 2693 3828 con-

382 3848 628 3901 structio
659 3848 863 3916 inepta
900 3858 1080 3922 essetz
1120 3855 1534 3922 σωφρονίζωσι,
1581 3847 1881 3924 σώφρονας
1915 3846 2079 3906 εἶναι’.
2153 3849 2506 3917 Quanquam
2546 3845 2695 3898 dum

382 3917 845 3988 provectioribus
884 3920 1197 3987 matronis,
1241 3919 1598 3991 quales-esse
1629 3922 1913 3988 debeant,
1952 3917 2341 3988 praescribit,
2374 3914 2572 3990 simul·
2596 3917 2696 3969 iu·-

381 3987 651 4041 nioribus
674 3990 952 4056 proponit
976 3991 1133 4060 quod
1160 4004 1481 4059 sequantur
1506 3992 1848 4061 exemplum.
1912 3992 2011 4042 ·1ta
2045 3988 2380 4058 promiscue
2409 3994 2696 4058 utrasque

387 4058 579 4110 docet.
639 4059 718 4107 ¹In
744 4072 973 4112 summa
1046 4060 1170 4126 vult
1194 4062 1468 4118 mulieres
1507 4076 1707 4115 amore
1742 4058 2035 4129 coniugali
2072 4066 2133 4111 et
2168 4056 2498 4109 liberorum
2533 4059 2691 4109 cari·
2726 4101 2733 4104 .

383 4135 509 4180 tate
535 4127 809 4194 retineri,
845 4144 923 4181 ne
949 4096 1273 4183 libidinosis
1298 4132 1596 4185 amoribus
1625 4148 1684 4184 se
1714 4138 2033 4199 occupent,
2071 4126 2196 4180 vult
2227 4126 2425 4179 sobrie
2461 4133 2521 4178 et
2544 4143 2695 4178 eon·

385 4198 643 4250 tinenter
670 4197 909 4250 domum
937 4213 1103 4255 suam
1131 4213 1364 4273 regere,
1403 4200 1682 4273 prohibet
1706 4202 1768 4253 in
1796 4200 2036 4269 publico
2064 4197 2305 4266 vagari,
2338 4204 2531 4251 castas
2562 4214 2693 4249 esse

383 4268 575 4333 iubet,
640 4267 809 4319 simul
847 4278 1047 4321 tamen
1090 4272 1416 4340 modestas,
1481 4280 1549 4325 ut
1594 4273 1888 4330 subiectae
1944 4272 2059 4322 sint
2105 4268 2369 4319 virorum
2419 4265 2697 4334 imperio.

383 4339 537 4389 Nam
566 4354 715 4406 quae
739 4335 871 4390 aliis
907 4338 1214 4398 virtutibus
1248 4342 1509 4410 pollent,
1548 4339 1842 4395 interdum
1874 4337 2198 4394 ferociendi
2233 4337 2379 4389 inde
2415 4338 2696 4389 occasio-

387 4423 520 4460 nem
550 4407 871 4478 arripiunt,
914 4409 1231 4484 ut-maritis
1259 4427 1470 4480 purum
1496 4410 1614 4466 sint
1641 4414 1989 4483 morigerae.
2063 4406 2231 4481 Quod
2256 4415 2460 4463 autem
2494 4406 2694 4462 addit:
