2820 4895
2589 153 2604 177 Ι

446 190 577 257 ΔΙ)
644 183 1781 286 ΤΗΕΒΒΑΒΟΝῙΟΕΝὸβδ
1826 188 1879 257 1.
1931 186 2263 262 „cn-‚nt
2372 194 2504 268 '185
2588 255 2594 276 x

374 362 471 424 11.
517 359 666 447 Ipse
692 369 913 422 autem
950 356 1132 421 Deus
1154 369 1232 421 vet
1263 355 1466 421 Pater
1488 368 1759 436 noster,
1808 370 1875 423 et
1901 359 2237 428 Domimis
2261 372 2500 426 noster

210 443 382 536 Iesus
412 442 722 509 Christus
749 450 925 519 ,viam
956 453 1257 518 nostram
1288 442 1368 506 ad
1407 462 1524 508 vos
1553 442 1819 528 dirigat,
1925 452 2025 510 12.
2090 449 2495 512 vosautem

208 528 525 593 Dominus
552 527 830 613 impleat
860 542 928 591 et
962 529 1308 590 abundare
1339 526 1543 590 faciat
1576 530 1858 591 caritate
1892 541 2124 595 mutua
2157 535 2339 596 inter
2372 549 2493 597 vos

209 626 271 677 et
293 634 451 701 erga
484 634 746 678 omnes:
789 613 1361 697 quemadmodum
1395 625 1461 674 et
1491 632 1615 678 nos
1650 616 1778 696 ipsi
1810 613 2042 678 affecti
2074 635 2303 681 sumus
2334 633 2493 700 erga

206 718 367 776 vostr]
428 704 463 762 -1
477 703 531 760 3.
577 698 671 766 Ut
700 697 1052 760 confirmet
1082 697 1285 759 corda
1317 697 1535 760 vestra
1555 700 2203 781 irreprehensibilia,
2238 704 2307 763 in
2334 701 2495 765 san-‘

206 786 420 846 ctitate
455 802 677 846 coram
708 781 858 846 Deo
889 793 955 844 et
986 780 1182 845 Patre
1214 796 1495 858 nostm,
1535 784 1605 843 in
1638 783 1929 860 adventu
1960 786 2242 849 Domini
2268 787 2526 849 nostris

199 868 349 954 lesu⁴
370 866 665 945 Christi,
712 887 868 931 cum
899 869 1212 930 omnibus
1240 869 1493 931 sanctis
1526 870 1692 956 eius.
1771 893 1794 904 ’-

323 1009 409 1068 1-1.
452 1071 459 1078 ‚
486 1011 617 1073 Ipse
641 1023 831 1061 autem
848 1008 1024 1061 Deus.
1097 1007 1273 1060 Nunc
1304 1005 1614 1075 precatur,
1638 1014 1707 1059 ut
1736 1008 1988 1060 remotis
2006 1009 2257 1063 Satanae
2285 1009 2486 1063 ohsta·

198 1078 338 1131 culis
364 1079 663 1131 Dominus
708 1078 867 1130 viam
913 1078 1028 1129 sibi
1071 1078 1339 1144 aperiat,
1384 1088 1445 1145 et
1470 1076 1906 1146 quodammodo
1936 1078 2052 1133 dux
2078 1079 2155 1133 sit
2180 1097 2251 1132 ac
2278 1087 2488 1131 rector
2537 1101 2540 1106 ⁸

193 1146 425 1199 itineris
457 1148 529 1199 ad
559 1147 1152 1202 Thessalonicenses:
1206 1162 1318 1214 quo
1356 1145 1658 1213 significat
1697 1161 1985 1216 nusquam
2021 1163 2194 1215 posse
2223 1164 2329 1202 nes
2357 1164 2485 1202 mo·

194 1234 322 1268 vere
364 1218 574 1285 pedem
611 1233 746 1268 cum
789 1233 1100 1282 successu,
1147 1213 1264 1268 nisi
1292 1214 1403 1268 Dei
1446 1206 1761 1282 auspiciis:
1803 1217 1922 1272 ,ubi
1963 1226 2164 1270 tamen
2197 1220 2323 1285 ipse
2359 1231 2483 1269 ma·
2547 1265 2554 1272 ,

190 1301 325 1337 num
369 1284 660 1353 porrigit,
709 1287 983 1338 satanam
1027 1286 1248 1349 frustra
1297 1282 1496 1334 omnia
1538 1283 1779 1348 moliri,
1836 1294 1902 1337 ut
1936 1302 2170 1338 cursum
2210 1297 2484 1351 nostrum

192 1365 432 1406 avertat.
509 1356 848 1405 Notandum
877 1354 1033 1423 quod
1063 1356 1302 1406 easdem
1329 1354 1454 1405 Deo
1488 1359 1546 1403 et
1578 1352 1815 1405 Christo
1846 1363 2045 1421 partes
2075 1355 2364 1423 assignate
2414 1357 2510 1407 ιη’

192 1433 345 1475 certe
383 1422 542 1474 nihil
581 1423 877 1475 bonorum
922 1424 1088 1474 nobis
1126 1429 1382 1490 praestat
1408 1411 1585 1472 Pater
1618 1425 1793 1491 quam
1824 1425 1932 1489 per
1960 1429 2200 1476 manum
2230 1421 2484 1478 Christi·

171 1490 295 1543 ·Sed
339 1510 524 1561 quum
561 1492 644 1543 ita
684 1491 755 1543 de
791 1501 1055 1561 utroque,
1097 1492 1323 1559 pariter
1361 1489 1678 1558 loquitur,
1730 1507 2103 1546 communem
2128 1490 2366 1545 Christi
2393 1491 2484 1544 di-

188 1559 591 1612 vinitatemet
621 1559 953 1632 potentiam
985 1579 1117 1614 cum
1145 1561 1320 1612 Patre
1354 1576 1478 1612 esse
1508 1557 1700 1622 docet.

322 1644 411 1696 12.
494 1645 600 1695 Vos
633 1658 820 1696 autem
851 1645 1155 1696 Dominus.
1237 1642 1437 1695 Altera
1469 1642 1776 1712 precatio,
1814 1654 1881 1696 ut
1906 1643 2174 1712 interea,
2212 1644 2351 1698 dum
2380 1644 2486 1697 ob-

183 1717 481 1764 structum
511 1714 605 1765 illi
636 1724 722 1766 est
747 1714 898 1778 iter,
951 1731 1015 1765 se
1045 1723 1240 1765 tamen
1275 1714 1552 1777 absente,
1592 1714 1887 1776 Dominus
1916 1712 2483 1773 Thessalonicenses

188 1782 504 1851 confirmet
561 1781 621 1834 in
675 1784 1022 1847 sanctitate,
1086 1792 1144 1833 et
1184 1780 1436 1843 caritate
1473 1780 1741 1850 impleat,
1784 1808 1787 1810 ‡
1838 1786 2031 1851 Atque
2069 1783 2203 1835 hinc
2245 1798 2484 1836 rursum

185 1849 476 1903 discimus
502 1850 562 1900 in
592 1868 707 1920 quo
738 1851 931 1919 posita
962 1852 1043 1903 sit
1071 1849 1445 1902 Christianae
1474 1851 1631 1902 vitae
1664 1850 1986 1919 perfectio,
2036 1854 2248 1919 nempe
2281 1851 2347 1903 in
2373 1867 2483 1902 *ca-
2567 1889 2572 1898 .

180 1918 360 1976 ritate
388 1930 455 1971 et
484 1936 629 1986 pura
656 1919 967 1972 sanctitate
995 1918 1217 1985 cordis,
1257 1935 1413 1988 quae
1446 1935 1517 1970 ex
1547 1920 1662 1970 fide
1685 1930 1909 1971 manat.
1998 1920 2328 1972 Caritatem
2359 1919 2481 1971 illis

183 1987 455 2044 mutuam
493 1986 687 2054 primo
729 1989 890 2041 inter
926 2006 988 2039 se
1031 1988 1445 2053 commendat,
1507 1988 1714 2040 deinde
1741 1998 1899 2058 *erga
1936 2004 2175 2042 omnes:
2235 2006 2370 2040 nam
2412 1997 2486 2040 nt

183 2054 420 2112 initium
456 2057 590 2108 fieri
618 2059 794 2109 decet
818 2074 852 2108 a
882 2057 1221 2109 domesticis
1250 2055 1415 2121 fidei,
1451 2055 1536 2107 ita
1559 2056 1897 2109 diffundere
1931 2074 1993 2109 se
2021 2058 2249 2110 animus
2277 2066 2483 2109 noster

184 2123 357 2178 dehet
381 2125 460 2177 ad
490 2127 831 2179 universum
858 2126 1181 2188 humanum
1206 2140 1414 2194 genus.
1480 2125 1714 2176 Deinde
1746 2137 1811 2177 ut
1835 2126 2085 2178 colenda
2113 2137 2201 2178 est
2228 2125 2483 2194 propior

183 2194 536 2250 coniunctio
556 2231 570 2257 ,
609 2194 696 2264 ita
723 2197 1048 2264 praeterire
1073 2211 1193 2245 non
1221 2194 1502 2246 debemus
1535 2210 1636 2247 eos
1655 2232 1671 2260 ,
1720 2194 2063 2263 quiprocul
2091 2204 2231 2247 sunt
2256 2192 2471 2261 dissiti,

183 2264 320 2332 quin
353 2263 480 2331 ipsi
507 2262 568 2314 in
588 2279 769 2317 ’suum
794 2263 1057 2316 ordinem
1086 2263 1342 2314 veniant.
1424 2262 1565 2315 Vult
1598 2264 1899 2315 abundare
1928 2274 1987 2315 et
2014 2263 2256 2331 impleri
2288 2264 2481 2316 Thes-

183 2331 595 2387 salonicenses
623 2333 907 2402 caritate:
946 2332 1108 2403 quia,
1145 2340 1430 2401 quantum
1461 2332 1810 2400 proficimus
1841 2333 1908 2390 in
1928 2332 2041 2384 Dei
2070 2331 2313 2398 notitia,
2352 2348 2485 2384 cre·
2553 2355 2556 2360 ·

182 2414 344 2453 scere
395 2398 578 2454 simul
631 2402 808 2455 debet
856 2400 920 2453 in
972 2401 1167 2453 nobis¹
1198 2402 1452 2452 fratrum
1490 2416 1690 2466 amor,
1738 2402 1924 2453 donec
1969 2418 2243 2469 perverso
2283 2398 2480 2455 nostri

182 2485 379 2522 amore
418 2470 744 2540 profligato
775 2480 969 2523 totum
1006 2488 1114 2523 cor
1149 2480 1425 2534 occupet.
1513 2470 2151 2524 Thessalonicensibus
2191 2479 2476 2538 precatur

183 2554 215 2589 a
242 2541 371 2591 Deo
401 2539 718 2593 caritatem
748 2540 1106 2607 perfectams
1155 2538 1507 2606 significans
1547 2549 1669 2590 tam
1710 2538 1834 2593 eius
1878 2539 2257 2593 incrementa
2302 2553 2479 2607 quam

179 2605 415 2661 initium
458 2609 531 2660 ab
571 2625 689 2662 uno
717 2610 844 2661 Deo
876 2625 1021 2662 esse.
1092 2610 1259 2660 Unde
1305 2616 1554 2674 apparet
1595 2624 1770 2676 quam
1810 2618 2201 2676 praepostere
2231 2606 2477 2674 faciant,

181 2674 282 2744 qui
320 2678 485 2729 vires
523 2688 753 2729 nostras
789 2678 966 2744 Legis
1008 2676 1250 2728 divinae
1287 2674 1625 2744 praeceptis
1665 2674 2019 2729 metiuntur.
2102 2676 2266 2729 Finis
2297 2675 2478 2742 Legis

182 2744 430 2810 caritas,
481 2747 677 2815 inquit
701 2746 913 2798 Paulus
952 2747 1022 2810 (1.
1053 2744 1209 2798 Tim.
1244 2747 1291 2810 1,
1319 2746 1430 2808 5.)=
1486 2744 1643 2799 idem
1675 2753 1877 2797 tamen
1905 2747 2030 2802 Dei·
2055 2762 2204 2812 opus
2239 2744 2477 2796 asserit.

181 2813 338 2881 Ergo
370 2817 537 2867 Deus
565 2820 743 2884 quum
771 2815 953 2868 vitam
983 2824 1248 2866 nostram
1273 2814 1531 2878 format,
1570 2831 1688 2864 non
1721 2814 1969 2882 respici-t
1998 2810 2143 2883 quid
2170 2812 2479 2883 possimus,

182 2884 276 2933 sed
305 2883 468 2953 quod
496 2901 670 2953 supra
696 2884 851 2937 vires
880 2894 1112 2935 nostras
1143 2894 1253 2948 est,
1292 2900 1326 2933 a
1348 2883 1519 2935 nobis
1549 2881 1765 2951 exigit:
1807 2891 1871 2933 ut
1897 2899 1929 2932 a
1958 2899 2019 2932 se
2050 2893 2259 2950 petere
2285 2880 2496 2945 disca-2

181 2966 302 3004 mus
347 2953 689 3022 praestandi
734 2952 1104 3004 facultatem.
1192 2953 1387 3021 Quum
1418 2951 1563 3003 dicit
1595 2950 2082 3019 Quemadmodum
2118 2965 2175 3003 es
2212 2954 2321 3002 noi
2360 2947 2485 3018 ipsi·

182 3035 311 3087 ergo
336 3038 478 3089 vos,
519 3038 626 3075 suo
655 3022 927 3089 exemplo
959 3038 1056 3072 eos
1087 3019 1378 3074 stimulat.

312 3104 404 3158 13.
501 3106 577 3157 Ut
612 3106 918 3173 confirmet
953 3107 1370 3156 cordavestra.
1394 3129 1409 3165 „¹
1448 3102 1641 3155 Corda
1677 3101 1784 3154 hic
1820 3120 1931 3171 pro
1957 3101 2330 3155 Conscientia
2367 3118 2475 3171 po·

182 3171 351 3241 suit,
376 3173 476 3227 vel
517 3172 730 3226 intima
767 3174 1005 3226 animae
1044 3180 1253 3242 parte:
1304 3171 1602 3240 significat]
1630 3173 1787 3225 enim
1830 3172 1918 3224 ita
1955 3173 2191 3239 placere
2230 3173 2474 3225 demum

181 3238 490 3294 hominem
521 3243 679 3310 Deo,
729 3243 775 3297 si
821 3242 1019 3294 cordis
1062 3240 1475 3307 sanctitatem,
1526 3242 1750 3307 idest,-
1781 3258 1903 3292 non
1936 3246 2240 3294 externam
2265 3239 2470 3306 modo,
2515 3243 2520 3249 '

179 3312 275 3362 sed
308 3311 668 3364 interiorem
708 3312 921 3366 adfert.
1006 3310 1119 3364 Sed
1145 3309 1451 3378 quaeritur
1476 3325 1549 3360 an
1583 3310 1904 3365 sanctitate
1931 3319 2149 3362 stemus
2175 3310 2327 3374 apud
2354 3310 2473 3361 Dei

181 3379 494 3431 tribunal}
532 3395 668 3433 nam
692 3381 750 3432 si·
772 3381 859 3433 ita
891 3387 1013 3446 est,
1064 3378 1644 3449 quorsumn-emissio
1672 3379 2103 3447 peecatorum?
2154 3377 2323 3446 atqui
2354 3377 2471 3431 hoc

180 3448 463 3501 videntur
489 3448 743 3502 innuere
770 3450 937 3502 Pauli
969 3449 1147 3500 verba
1168 3483 1186 3513 ,
1233 3457 1301 3499 ut
1332 3448 1449 3499 sint
1476 3447 2033 3514 irreprehensibiles
2062 3447 2474 3499 conscientiae

130 3566 134 3575 ,
180 3513 611 3570 insanctitate.
699 3519 1083 3588 Respondeo,
1125 3524 1248 3567 non
1283 3515 1518 3568 excludi
1544 3532 1581 3567 a
1610 3515 2227 3569 Pauloremissionem
2257 3531 2472 3583 pecca·

182 3592 374 3638 torum
393 3623 409 3652 ,
460 3603 573 3656 qua
599 3588 702 3654 fit,
748 3596 814 3639 ut
840 3586 1128 3639 san‘ctitas
1157 3594 1390 3647 nostra,
1425 3598 1589 3653 ‘quae
1622 3584 1853 3652 alioqui
1882 3592 2119 3653 aspersa
2148 3592 2239 3635 est
2267 3584 2469 3636 multis

180 3650 670 3723 inquinamentis,
719 3657 834 3727 Dei
876 3663 1271 3722 conspectum·
1299 3654 1628 3706 sustineat:
1681 3671 1915 3721 semper
1947 3653 2101 3704 enim
2128 3651 2304 3719 fides,
2347 3668 2471 3721 qua

182 3723 456 3791 placatur
491 3724 666 3777 nobis
691 3726 852 3776 Deus
871 3761 887 3790 ,
930 3733 998 3776 ut
1026 3722 1189 3775 vitiis
1210 3725 1434 3774 nostris
1461 3712 1762 3789 ignoscat,
1806 3722 2035 3789 reliqua
2070 3720 2265 3772 omnia
2294 3737 2468 3788 prae·

186 3793 368 3847 cedit:
423 3794 1084 3846 sicuti·fundamentum
1115 3791 1275 3859 prius
1305 3791 1576 3844 aedificio
1606 3800 1713 3843 est.
1796 3791 2115 3842 Caeterum
2144 3806 2262 3841 non
2292 3791 2470 3841 docet

140 3890 142 3895 >
181 3859 392 3914 Paulus
430 3863 622 3931 qualis
663 3863 727 3914 in
768 3863 879 3915 hoc
915 3861 1168 3925 mundo,
1216 3859 1312 3910 vel
1342 3870 1563 3930 quanta
1590 3859 1771 3926 possit
1798 3875 1925 3910 esse
1950 3859 2217 3910 fidelium
2246 3858 2468 3911 sencti-

181 3936 300 3995 tas,
360 3930 460 3982 sed
510 3948 640 3985 eam
691 3933 857 3999 cupit
912 3928 1117 3999 augeri
1138 3966 1154 3993 ,
1216 3929 1407 3980 donec
1453 3928 1664 3980 evadat
1706 3926 1769 3978 in
1806 3942 1971 3978 suam
2003 3925 2468 3994 perfectionem.
2563 3972 2592 3996 ι,

185 3997 320 4049 ideo
366 3998 517 4050 dicit
557 4001 628 4050 In
667 4002 914 4052 adventu
941 3998 1224 4050 Domini:
1269 3994 1620 4065 significans
1660 4013 1729 4048 eo
1769 4010 1952 4064 usque
1992 3995 2218 4063 differri
2256 4010 2467 4048 eorum

179 4068 704 4136 complementum,
736 4084 891 4138 quae
910 4079 1068 4119 nunc
1093 4067 1156 4118 in
1175 4065 1341 4118 nobis
1356 4066 1646 4118 Dominus
1674 4064 1941 4116 inchoat.
2033 4069 2171 4118 Cum
2204 4063 2486 4126 omnibus,

187 4138 422 4188 sanctis.
495 4136 785 4190 Bifariam
814 4134 1033 4205 exponi
1063 4144 1261 4203 potest
1285 4133 1435 4185 haec
1463 4133 1751 4203 particula
1771 4170 1785 4199 ,
1825 4134 1922 4184 vel
1948 4141 2013 4184 ut
2027 4148 2180 4213 ¹pura
2202 4131 2468 4183 habeant

188 4205 363 4257 corda
402 4206 988 4270 Thessalonicenses,
1042 4220 1179 4257 cum
1223 4203 1501 4255 omnibus
1543 4202 1869 4263 sanetis‘in
1908 4200 2134 4254 Christi
2174 4200 2470 4273 adventus

178 4273 278 4323 vel
301 4274 458 4343 quod
484 4275 760 4329 Christus
789 4285 1070 4327 venturus
1096 4273 1171 4325 sit
1201 4289 1336 4324 cum
1359 4272 1572 4324 sanctis
1598 4273 1744 4324 suiss·
1812 4270 2079 4322 Tametsi
2106 4269 2224 4320 hoc
2255 4282 2465 4319 secun·

189 4339 323 4439 dum
360 4343 628 4427 recipio,
665 4345 826 4427 quod
867 4344 941 4398 ad
981 4343 1300 4399 verborum
1337 4339 1608 4412 syntaxin
1646 4337 1938 4413 pertinetz
1985 4355 2109 4393 non
2132 4347 2332 4392 tamen
2358 4334 2441 4391 du

2451 4572 2600 4661 ‚gs
