2820 4895
310 233 498 346 *uo
786 229 825 274 -³
878 242 998 312 m
1069 219 1704 313 &merome
1777 189 2211 314 eAuLv'

355 411 686 485 mgitatio,
733 408 857 474 ulii
883 412 1022 483 quia
1051 405 1342 468 Gentium
1370 410 1694 481 Apostolus
1725 408 1936 467 debuit
1968 407 2155 465 etiam
2178 410 2413 483 ignotos
2440 429 2649 472 amore

354 498 625 562 curaque
663 480 1022 551 complecti?
1092 481 1243 551 Quia'
1269 485 1471 533 autem
1495 481 1593 533 vul
1641 498 1673 532 o
1700 481 1866 534 nulla
1894 479 2141 534 dilectio
2176 489 2266 533 est
2287 482 2445 534 inter
2470 482 2648 551 igno·-

351 562 486 633 toa,
536 551 820 603 extenuat
853 546 1167 615 notitiam,
1217 563 1366 618 quae
1407 559 1616 602 contra
1666 549 1787 601 ‘tur
1821 566 1893 601 ex
1927 565 1991 602 aa
2038 558 2206 615 ectu,
2269 565 2450 620 quum
2494 551 2648 604 dicit

357 619 704 689 Quicunque
732 635 851 670 non
877 618 1149 669 viderunt
1169 616 1394 684 faciem
1419 631 1599 668 meam
1626 617 1690 667 in
1718 633 1908 670 carne.
2049 626 2102 669 st
2141 615 2300 672 enim
2342 617 2499 672 inter
2528 619 2646 670 De‘i

353 703 562 742 cervos
606 685 764 739 aliua
801 695 1082 754 aspectus
1121 699 1297 755 quam
1339 685 1595 751 carnis,
1634 683 1737 755 qui
1778 700 2041 739 amorem
2080 685 2388 739 conciliet.
2483 684 2656 756 Quia>

355 753 660 810 communi
700 753 831 808 fere
869 770 1157 809 consensu
1193 755 1502 822 receptum
1542 763 1662 818 eat,
1696 751 1962 822 priore'm
1986 753 2060 806 ad
2088 754 2462 826 Timotheum
2489 756 2647 807 Lao-

353 824 529 878 dicea
564 822 746 876 fuisse
781 823 1095 891 scriptam:
1145 818 1282 877 ideo
1314 823 1554 901 quidam
1580 821 1850 874 Galatiae
1876 822 2215 890 attribiiunt
2243 823 2395 892 hanc
2422 822 2644 875 Laodi·
2717 867 2720 870 .

358 910 563 960 ceam,
612 889 783 944 cuius
821 893 1185 945 mentionem
1226 891 1378 942 facit
1405 891 1650 943 Paulus:
1677 905 1881 969 ,quum
1918 888 2031 954 ,illa
2071 891 2419 960 metropolis
2455 890 2646 944 fuerit

351 962 513 1030 Phry
557 961 649 1013 iae
679 961 1041 1012 Pacatianae.
1126 962 1345 1032 Verum
1373 958 1526 1026 mihi
1555 957 1942 1012 verisimilius
1970 958 2241 1028 videtur,
2296 961 2645 1014 mendosam

355 1047 485 1085 ease
516 979 682 1081 igllam
705 1025 1189 1098 inscriptionem,
1226 1028 1718 1097 quemadmodum
1750 1043 1857 1086 suo
1882 1028 2020 1079 loco
2057 1027 2461 1081 annotabitur.

398 1141 403 1146 .
488 1093 543 1151 2.
622 1099 696 1149 Ut
735 1097 1215 1149 consolationem.
1296 1099 1470 1149 Nunc
1513 1095 1836 1164 significat,
1886 1096 2036 1165 quid·
2053 1096 2175 1148 illis
2202 1097 2527 1162 desideret,
2567 1113 2642 1149 ac

244 1179 247 1184 ·
332 1165 621 1221 ,ostendit
662 1161 802 1217 ver'e
844 1163 1257 1233 Apostolicum
1297 1180 1424 1217 esse
1465 1181 1636 1217 suum
1676 1164 1975 1217 affectum.
2013 1163 2016 1166 ’
2061 1161 2236 1218 Nihil
2274 1159 2434 1217 enim
2472 1164 2643 1219 aliud

353 1232 474 1289 sibi
514 1233 845 1287 cordi'esse
887 1232 1133 1299 asserit,
1234 1248 1371 1285 uam
1412 1241 1478 1285 ut
1520 1233 1641 1285 sint
1684 1231 1955 1302 colligati
1997 1233 2057 1285 in
2098 1233 2216 1285 fide
2257 1243 2316 1285 et
2363 1235 2643 1289 caritate.

353 1304 516 1375 Ergo
543 1301 661 1355 non
687 1313 1072 1372 praepostero
1101 1309 1193 1352 stu
1237 1297 1296 1352 io
1341 1302 1432 1368 (ut
1457 1300 1521 1352 in
1552 1302 1899 1372 quibusdam
1925 1301 2167 1363 accidit)
2212 1318 2274 1355 se
2312 1301 2643 1372 impulsum

352 1373 538 1426 fuisse
563 1373 971 1438 demonstrat,
1009 1378 1077 1424 ut
1109 1378 1337 1421 tantam
1365 1370 1816 1423 Coloisensium
1845 1381 1904 1423 et
1933 1371 2189 1423 aliorum
2216 1388 2418 1440 curam
2449 1370 2642 1423 susci-

352 1453 559 1513 peret:
616 1441 716 1510 sed
744 1439 881 1512 quia
908 1438 1063 1491 ratio
1091 1436 1280 1510 officii
1300 1437 1398 1491 'sic
1428 1440 1784 1507 postulabat.
1845 1435 2213 1493 'Consolatio
2258 1439 2356 1491 hic
2387 1437 2644 1509 'capitur

353 1527 462 1581 pro
491 1524 627 1561 vera
654 1507 1120 1576 tranquillitate,
1155 1506 1219 1558 in
1252 1501 1367 1578 qua
1393 1508 1838 1577 conquiescant.
1889 1510 2012 1560 eius
2039 1517 2183 1561 tunc
2216 1509 2450 1562 demum
2479 1526 2646 1562 com-

351 1590 525 1650 potes
567 1573 699 1629 fore
741 1576 983 1643 asserit,
1035 1579 1085 1628 si
1113 1576 1176 1626 in
1207 1576 1461 1628 caritate
1489 1585 1550 1628 et
1575 1577 1695 1630 fido
1727 1578 2024 1647 compacti
2053 1577 2195 1629 sint.
2278 1577 2426 1631 Hinc
2454 1595 2644 1647 appa·

354 1658 488 1713 ret,
523 1645 624 1697 ubi
651 1644 833 1697 situm
862 1646 943 1696 sit
969 1659 1263 1697 summum
1290 1645 1536 1707 bonum,
1576 1655 1634 1696 et
1663 1645 1877 1716 quibus
1905 1643 2083 1697 rebus
2115 1653 2379 1699 constet:
2418 1661 2642 1715 nempe

232 1713 241 1721 ⁴
280 1760 284 1766 .
353 1718 497 1770 dum
525 1714 590 1766 in
615 1711 997 1794 unam'fidem
1022 1723 1231 1766 mutuo
1264 1714 1740 1781 consentientes,
1784 1725 1987 1768 mutua
2028 1713 2210 1766 etiam
2252 1714 2501 1767 caritate
2541 1732 2642 1768 su·

296 1810 298 1814 >
351 1801 485 1838 mus
528 1785 859 1837 coniuncti.
912 1783 1063 1848 hoe,
1119 1783 1392 1851 inquam,
1450 1783 1710 1836 solidum
1751 1783 1838 1852 pii
1882 1783 2065 1836 animi
2109 1784 2426 1853 gaudium,
2485 1784 2642 1836 haec
2713 1815 2716 1822 ·

350 1855 529 1908 beata
556 1851 699 1904 vita.
773 1850 965 1906 Sicuti
993 1860 1190 1922 autem
1223 1851 1444 1902 caritas
1473 1851 1545 1918 al)
1579 1851 1793 1904 effectu
1824 1851 1927 1903 hic
1954 1852 2430 1916 commendatur,
2478 1852 2643 1920 quod

350 1939 495 1977 vcra
521 1920 751 1973 laetitia
786 1921 1019 1990 piorum
1052 1919 1280 1972 animos
1307 1918 1644 1988 perfundit:
1694 1920 1782 1972 ita
1814 1936 2049 1973 rursum
2088 1920 2210 1972 eius
2238 1937 2412 1974 causa
2439 1930 2644 1973 osten·

346 1990 551 2055 ditur,
590 2006 783 2074 ,quum
813 1989 984 2055 dicit,
1033 1991 1101 2040 ln
1145 2005 1380 2040 omnem
1416 1987 1852 2057 plenitudinem
1893 1988 2350 2057 intelligentiae.
2417 1988 2643 2041 Vincu-

186 2053 195 2066 “
270 2105 275 2118 ,
349 2060 478 2120 lum
517 2057 680 2111 enim
718 2067 959 2112 sanctae
996 2058 1236 2110 unitatis
1277 2066 1364 2109 est
1394 2056 1508 2109 Dei
1552 2056 1798 2124 veritas,
1850 2058 1990 2110 dum
2028 2074 2157 2109 eam
2186 2074 2308 2110 uno
2344 2072 2642 2112 consensu

179 3052 197 3081 Ι

350 2126 792 2197 amplectimur.
865 2127 983 2178 Pax
1022 2126 1178 2178 enim
1216 2135 1276 2177 et
1318 2125 1641 2178 concordia
1680 2133 1816 2179 cum
1856 2126 2197 2195 hominibus
2228 2142 2298 2177 ex
2328 2125 2433 2179 illo
2467 2126 2643 2180 fonte

272 2205 278 2220 '
347 2206 568 2251 manat.
651 2189 656 2200 ’
707 2195 971 2245 Divitias
998 2195 1367 2246 certitudinis
1393 2196 1841 2260 intelligentiae.
1929 2196 2082 2266 Quia
2111 2192 2416 2270 plerique,
2464 2193 2642 2248 tenui

401 2274 535 2318 ustu
579 2263 881 2329 contenti,
935 2263 1090 2317 nihil
1132 2272 1368 2331 praeter
1407 2261 1718 2317 confusam
1764 2274 1822 2316 et
1863 2264 2166 2317 evanidam
2204 2263 2487 2317 notitiam
2526 2263 2640 2316 ha·-

399 2341 539 2401 ent,
587 2331 947 2386 nominatim
986 2331 1162 2400 ponit
1199 2330 1444 2396 divitias=
1484 2331 1962 2403 intelligentiae:
2015 2350 2132 2403 quo
2172 2332 2415 2384 nomine
2451 2329 2642 2403 signi·

349 2402 497 2469 ficet
534 2401 772 2481 plenam
813 2410 874 2454 et
912 2401 1282 2454 luculentam
1316 2401 1789 2471 perceptionem.
1845 2410 1905 2454 et
1939 2402 2125 2455 ‘simul
2159 2401 2473 2469 admonet,
2523 2393 2637 2482 pro‘

347 2471 798 2540 intelligentiae
825 2487 1100 2523 mensura
1125 2471 1309 2522 etiam·
1328 2471 1394 2521 in
1426 2470 1682 2522 caritate
1707 2470 2144 2539 proficiendum
2172 2480 2316 2523 esse.
2373 2471 2636 2523 Nomine

351 2536 742 2593 Cer-titudinis
779 2539 959 2592 fidem
1002 2540 1073 2592 ab
1102 2540 1395 2609 opinione
1437 2539 1748 2591 discernit.
1819 2542 1877 2593 1⁸
1912 2541 2069 2593 enim
2099 2542 2239 2592 vere
2266 2540 2503 2592 demum
2530 2554 2634 2592 co*

346 2607 590 2690 gnoscit
613 2610 844 2673 Deum,
897 2607 1137 2676 quinon
1164 2607 1405 2660 vacillat
1433 2608 1810 2661 dubitatione
1842 2619 1945 2661 aut
1970 2618 2176 2660 nutat:
2231 2608 2330 2660 sed
2371 2608 2475 2679 qui
2516 2615 2638 2661 stat

133 2672 137 2681 '
184 2648 193 2661 ,
228 2694 273 2737 s
303 2678 313 2682 ”
350 2694 419 2730 ιιι
459 2677 633 2729 firma
672 2675 1091 2747 constantique
1129 2677 1534 2745 persuasione.
1620 2678 1788 2728 Hanc
1821 2679 2214 2730 constantiam
2246 2687 2306 2729 et
2336 2675 2638 2729 stabilita·

348 2756 476 2799 tem
505 2745 722 2799 Paulus
750 2746 988 2814 saepius
1016 2747 1409 2816 πληροφορίαν
1436 2755 1639 2801 vocat:
1676 2762 1792 2817 quo
1822 2746 2001 2798 etiam
2026 2748 2264 2801 nomine
2297 2744 2396 2799 hic
2424 2744 2636 2810 utitur,

344 2825 415 2868 et
456 2831 595 2866 cum
628 2813 748 2867 fide
789 2824 1079 2883 perpetuo
1122 2815 1465 2887 coniungit,
1518 2824 1585 2867 ut
1623 2824 1787 2866 certe
1831 2831 1954 2867 non
1995 2825 2197 2882 potest
2232 2816 2306 2867 ab
2340 2832 2409 2868 ea
2440 2812 2632 2881 magia

334 2883 534 2953 *avelli
553 2920 575 2952 ι
622 2898 805 2955 Διιιιειηζι
832 2900 867 2941 a
890 2883 1015 2939 sole
1042 2884 1208 2947 calor
1239 2895 1342 2936 aut
1371 2884 1593 2937 lumen.
1673 2883 2058 2936 Diabolicum
2095 2884 2282 2955 igitur
2320 2880 2629 2936 schorasti-

278 2962 281 2965 “
354 2968 565 3006 corum
618 2954 827 3023 dogma
847 2989 863 3018 ,
922 2953 1104 3022 quod,
1169 2952 1399 3005 sublata
1447 2951 1830 3020 certitudine,
1891 2953 2294 3005 coniecturam
2339 2951 2633 3004 moralem

270 3052 271 3057 =
336 3016 555 3103 ⁵(quam
585 3022 913 3089 appellant)
944 3022 1011 3073 in
1038 3022 1200 3074 illius
1224 3022 1430 3074 locum
1459 3021 1791 3077 substituit.
1943 3024 2015 3072 In
2040 3023 2395 3088 agnitionem
2423 3033 2638 3089 myste-

344 3094 454 3153 rii.
537 3091 668 3142 Hoc
708 3091 1045 3144 membrum
1090 3092 1424 3161 appositive
1463 3089 1783 3159 legendum
1818 3099 1938 3153 est3
1988 3107 2127 3143 nam
2155 3090 2436 3159 exponit,
2475 3103 2635 3158 quac

349 3158 433 3212 sit
475 3157 585 3211 illa
624 3157 880 3210 scientia
898 3196 915 3225 ,
964 3160 1132 3214 cuius
1164 3161 1466 3213 meminit:
1516 3164 1728 3227 nempe
1758 3159 1917 3211 aliud
1944 3176 2058 3213 non
2087 3176 2210 3213 esse
2239 3176 2410 3229 quam
2439 3160 2635 3210 Evan-

349 3226 494 3298 gelii
530 3227 957 3299 cognitionem.
1047 3229 1362 3280 venditant
1392 3229 1554 3280 enim
1583 3239 1642 3279 et
1671 3228 2154 3296 pseudoapostoli
2182 3245 2310 3279 suas
2341 3227 2636 3294 impostue

344 3310 448 3348 ras
475 3296 811 3364 sapientiae
843 3295 1038 3347 titulo.
1077 3298 1178 3348 sed
1206 3297 1422 3349 Paulus
1449 3297 1608 3348 filios
1639 3296 1751 3347 Dei
1777 3296 1843 3348 in
1874 3297 2003 3349 solo
2030 3296 2359 3364 Evangelio
2387 3294 2638 3360 retinet,

348 3365 570 3433 nequid
599 3363 757 3415 aliud
789 3364 947 3416 scire
974 3372 1273 3434 appetant.
1347 3367 1469 3418 Cu‘r
1497 3383 1605 3431 pro
1636 3366 1966 3434 Evangelio
1999 3374 2186 3435 ponat
2216 3363 2490 3432 Mysterii
2518 3379 2636 3414 no·

347 3448 529 3497 men,
556 3427 679 3484 iani
706 3432 932 3485 dictum
963 3440 1073 3485 eat.
1148 3435 1362 3487 Verum
1391 3434 1527 3484 hinc
1552 3432 1870 3494 discamus,
1908 3435 2031 3493 sola
2056 3434 2194 3498 fide,
2229 3450 2346 3486 non
2370 3431 2634 3500 ratione,

316 3546 319 3547 γ
348 3518 464 3555 nec
493 3499 865 3570 perspicacia*
889 3501 1181 3553 humanae
1211 3501 1476 3565 mentia,
1494 3501 1893 3581 Evangelium
1923 3520 2093 3581 pege
2112 3503 2271 3583 capi,
2314 3502 2452 3573 quia
2482 3500 2637 3552 alio-

392 3571 451 3623 ui
484 3586 579 3643 xsses
605 3579 692 3621 est
719 3586 751 3621 a
773 3568 947 3621 nohis
981 3568 1349 3639 abscondita.
1433 3571 1795 3649 Mysterium
1825 3570 1942 3622 Dei
1971 3587 2200 3641 passive
2232 3580 2394 3622 inter
2439 3579 2631 3637 reto»,

375 3655 412 3690 n
438 3654 554 3708 quo
583 3637 887 3703 revelatur
913 3640 1095 3692 Deus.
1166 3640 1319 3691 Nam
1349 3647 1628 3690 continuo
1658 3638 1922 3706 adiungit
1951 3653 2005 3691 et
2029 3640 2250 3707 Patris,
2289 3654 2342 3691 et
2416 3638 2636 3691 kristin·

276 3722 281 3726 ·
350 3724 469 3777 qua
506 3705 805 3787 particula
835 3705 1141 3776 significat
1170 3722 1293 3757 non
1337 3722 1509 3775 posse
1535 3708 1729 3762 Deum
1767 3708 2089 3775 cognosci,
2126 3707 2244 3759 nisi
2272 3707 2336 3758 in
2365 3708 2633 3773 Christo,

347 3777 528 3829 sicuti
557 3792 757 3828 rursus
784 3792 1024 3827 necesse
1056 3784 1146 3827 est
1173 3776 1415 3827 Patrem
1445 3776 1760 3843 cognosci,
1794 3777 1895 3828 ubi
1922 3775 2195 3830 Christus
2226 3775 2632 3845 cognoscitur.

348 3854 674 3912 utrumque
705 3843 862 3896 enim
891 3844 1153 3897 affirmat
1179 3842 1475 3898 Iohannes
1504 3847 1576 3910 (Ι.
1605 3843 1741 3897 1011.
1768 3843 1822 3909 2,
1846 3843 1991 3912 230:
2044 3844 2159 3915 Qui
2181 3844 2362 3898 hahet
2383 3843 2632 3908 Filium,

296 3930 303 3935 “
346 3912 535 3966 habet
558 3922 619 3964 et
645 3914 917 3965 Patrem=
957 3911 1060 3981 qui
1088 3929 1209 3964 non
1231 3912 1416 3965 habet
1434 3911 1677 3977 Filium,
1712 3929 1904 3983 neque
1922 3916 2161 3967 Patrem
2186 3914 2392 3971 habet.
2468 3912 2632 3981 Ergo

352 3981 692 4050 quicunque
731 3989 897 4033 extra
926 3981 1242 4034 ¹Christum
1281 3980 1509 4051 aliquid
1548 3980 1620 4033 de
1655 3983 1784 4034 Deo
1824 3983 1981 4036 scire
2017 4001 2079 4035 se
2115 3991 2359 4051 putant,
2398 3980 2638 4034 idolum

336 4050 474 4103 eibi
519 4049 759 4119 fingunt
782 4047 895 4101 Dei
932 4049 1092 4103 loce.
1173 4049 1369 4105 Sicuti
1416 4051 1601 4100 etiam
1644 4066 1676 4100 e
1720 4067 2003 4105 converso
2037 4050 2338 4103 Christum
2373 4051 2638 4121 ignorat,

352 4117 458 4188 qui
500 4133 619 4170 non
704 4116 1154 4186 erducitur·per
1197 4122 1334 4172 eum
1372 4117 1444 4168 ad
1471 4118 1748 4173 Patremt
1802 4120 2067 4191 adeoque
2103 4128 2299 4172 totum
2331 4121 2525 4173 Deum
2565 4118 2670 4171 iu‘

346 4187 486 4257 ipso
520 4203 653 4254 amp
685 4184 924 4238 ectitur.
977 4186 1086 4239 Est
1104 4186 1337 4241 interea
1357 4186 1527 4240 locus
1548 4189 1958 4241 memorabilis
1982 4189 2052 4241 ad
2080 4188 2442 4257 probandam
2460 4188 2643 4240 Chri-

350 4256 434 4309 sti
462 4255 758 4309 Deitatem
779 4289 797 4320 ,
835 4262 899 4305 et
926 4270 1103 4308 unam
1131 4273 1268 4309 cum
1296 4257 1473 4307 Patre
1501 4257 1834 4311 essentiam..
1919 4260 2068 4312 Nam
2098 4256 2408 4326 praefatus
2436 4256 2508 4309 de
2527 4273 2641 4308 no-

349 4324 489 4378 titia
516 4322 667 4390 Dei,
704 4339 845 4374 mox
881 4331 1004 4376 tam
1045 4323 1115 4374 ad
1146 4325 1363 4378 Filium
1404 4340 1580 4394 quam
1623 4325 1696 4377 ad
1726 4327 1962 4378 Patrem
1996 4326 2431 4381 accommodat.
2480 4325 2643 4381 undo

2484 4407 2496 4416 ι

351 4392 651 4467 sequitur,
689 4390 1073 4449 Filium‘cum
1099 4393 1276 4452 Patro
1306 4394 1714 4475 eundem-esse
1742 4394 1961 4452 Deum.
