2820 4895
395 212 524 308 ἀτο
764 310 772 319 ,
1119 186 1246 311 ‘m
1320 241 1938 312 erisronass
2030 328 2033 337 .

392 409 627 479 loquar)
656 406 945 469 vestitum.
1013 412 1170 481 Ergo
1200 409 1277 467 ad
1301 409 1525 466 Christi
1552 426 1801 482 regnum
1827 411 2024 466 venire
2047 429 2291 469 necesse
2322 420 2445 481 est,
2495 418 2557 465 ut
2577 427 2665 481 pe-

396 481 558 532 nitus
581 497 781 535 verum
803 483 913 548 sit,
950 482 1144 536 Deum
1172 481 1349 536 nolle.
1420 481 1643 535 Similis
1672 492 1759 537 est
1785 482 1944 536 locus
1975 484 2130 536 Psal.
2161 485 2246 552 16,
2279 487 2402 547 10.:
2453 481 2577 535 Non
2604 482 2669 534 si-

394 566 499 603 nes
526 552 809 607 Sanctum
835 559 1000 605 tuum
1028 552 1222 604 videre
1247 553 1694 620 corruptionem.
1764 554 1915 605 Nam
1951 554 2060 607 etsi
2093 552 2481 625 aliquousque
2508 552 2666 605 Davi-

396 619 531 672 dem
570 638 606 673 a
644 624 1021 691 corruptione
1046 624 1202 675 Deus
1244 621 1495 692 eripuit,
1542 639 1662 675 non
1698 622 1818 675 fuit
1844 630 2040 676 tamen
2068 622 2185 675 hoc
2217 624 2330 675 nisi
2358 626 2422 675 in
2451 621 2668 689 Christo

395 706 533 743 vere
561 693 932 761 completum.
1003 692 1262 746 Multum
1305 690 1576 762 ponderis
1613 691 1732 747 boc
1765 692 1977 760 babet,
2028 693 2186 763 quod
2213 710 2395 762 quum
2421 707 2485 742 se
2510 690 2674 761 profi-

393 768 597 815 teatur
634 762 929 817 facturum
963 763 1079 819 Dei
1115 761 1503 829 voluntatem,
1564 762 1869 825 sacrifieiis
1903 763 2102 831 locum
2134 765 2363 817 nullum
2404 764 2671 832 assignat.

393 831 552 903 Nam
588 830 723 885 inde
754 831 1120 902 colligimus,
1169 833 1320 886 eitra
1347 832 1450 886 illa
1476 833 1799 903 perfectam
1819 833 1935 887 Dei
1962 833 2212 887 obedien
2251 833 2362 884 'am
2391 847 2673 899 constare,

394 902 556 1023 guod
580 903 812 961 nonnisi
835 903 1115 972 abrogata
1139 900 1272 974 lege
1298 918 1502 955 verum
1527 905 1662 958 fuit.
1698 930 1699 933 ¹
1734 907 1939 977 Neque
1962 913 2164 957 tamen
2188 905 2248 955 in
2297 903 2423 958 cior
2439 940 2457 968 ,
2506 891 2677 956 Davi·

438 987 530 1024 em
567 981 685 1024 tam
723 972 838 1025 hoc
875 972 1005 1025 loeo
1043 988 1222 1044 quam
1246 971 1397 1026 Psal.
1418 974 1504 1037 51,
1525 975 1607 1027 18.
1633 980 1875 1026 externa
1902 975 2186 1027 sacrificia
2217 973 2301 1025 sic
2325 981 2679 1038 extenuasse,

393 1049 494 1107 ut,
539 1042 697 1113 quod
736 1045 1118 1112 praecipuum
1150 1052 1317 1111 erat,
1364 1042 1708 1113 praeferret.
1778 1043 2045 1098 δρᾶ-που
2091 1043 2329 1096 dubium
2370 1051 2491 1109 est,
2547 1044 2677 1112 quin

392 1118 648 1180 utroque
668 1113 802 1166 loco
831 1114 1031 1167 oculos
1055 1112 1378 1166 coniecerit
1402 1112 1469 1166 in
1497 1128 1742 1182 regnum
1773 1112 2008 1169 Christi.
2079 1117 2267 1184 Atque
2297 1113 2446 1166 adeo
2472 1115 2538 1165 in
2574 1114 2676 1164 boo

389 1181 626 1235 Psalmo
653 1182 785 1236 iure
815 1183 1108 1238 Christum
1135 1183 1473 1254 loquentem
1497 1184 1703 1238 induci
1723 1186 1885 1237 testis
1915 1195 2004 1237 est
2030 1184 2368 1255 Apostolus,
2403 1184 2507 1235 ubi
2536 1183 2679 1236 inter

392 1252 509 1303 Dei
553 1256 835 1305 mandata
874 1271 949 1304 ne
984 1252 1222 1307 infimus
1257 1252 1490 1322 quidem
1526 1254 1688 1308 loeus
1731 1254 2088 1326 relinquitur
2138 1253 2478 1321 sacrificiis,
2527 1269 2680 1324 -quae

388 1323 546 1374 Deus
579 1322 685 1381 sub
714 1324 864 1392 Lege
904 1332 1023 1377 tam
1064 1340 1262 1376 severe
1295 1323 1581 1391 exigebat.
1724 1324 1947 1393 Corpus
1980 1327 2222 1391 aptasti.
2294 1325 2490 1376 Verba
2511 1324 2681 1376 Davi·

391 1390 483 1444 dis
514 1392 677 1446 aliud
702 1403 944 1447 sonant:
986 1398 1200 1447 Aurem
1229 1393 1541 1463 perforasti
1571 1391 1749 1460 mihi,
1781 1408 1958 1463 quam
1986 1394 2389 1464 loquutionem
2415 1394 2679 1447 nonnulli

391 1461 627 1516 ductam
652 1470 859 1532 putant
882 1463 955 1515 ab
986 1465 1229 1534 antiquo
1258 1463 1434 1532 Legis
1460 1464 1579 1515 ritu
1606 1463 1816 1526 (Exod.
1843 1466 1932 1531 21,
1955 1464 2053 1531 6.).
2125 1466 2278 1516 Nam
2306 1465 2357 1517 si
2385 1467 2522 1533 quis
2549 1482 2680 1516 con-

384 1539 614 1600 tempta
654 1535 897 1587 Iubilaei
942 1533 1395 1588 manumissione
1437 1532 1498 1585 in
1539 1543 1882 1601 perpetuam
1924 1534 2258 1588 servitutem
2298 1535 2577 1587 addicere
2624 1551 2678 1587 se
2772 1540 2778 1585 :

386 1603 620 1657 volebat
638 1641 654 1670 ,
705 1605 792 1657 illi
834 1607 991 1657 auris
1018 1603 1226 1657 subula
1254 1603 1685 1671 perferebatur.
1758 1605 1931 1656 Hunc
1955 1604 2155 1673 itaque
2178 1617 2415 1659 sensum
2442 1622 2571 1658 esse
2594 1621 2680 1655 vo-
2772 1608 2778 1651 ζ

385 1671 547 1729 luntz
592 1676 847 1727 Domino
883 1685 945 1727 tu
981 1692 1074 1728 me
1113 1690 1343 1727 servum
1371 1672 1554 1726 habes
1580 1682 1862 1743 perpetuo
1892 1675 2005 1727 tibi
2033 1674 2359 1739 adflictum.
2430 1677 2561 1742 Ego
2598 1684 2677 1727 ta-
2772 1668 2778 1685 ⁴

384 1759 524 1795 men
559 1744 734 1797 aliter
761 1746 983 1812 accipio
1011 1760 1117 1815 pro
1147 1761 1217 1797 eo
1239 1781 1256 1812 ‚
1310 1745 1466 1813 quod
1488 1752 1581 1797 ,est
1608 1744 1855 1796 docilem
1885 1753 1944 1796 et
1972 1745 2399 1815 obsequentem
2423 1745 2678 1801 reddere.

357 1813 563 1864 ,Surdi
606 1815 764 1866 enim
797 1824 1027 1883 sumus,
1076 1815 1262 1868 donec
1290 1814 1463 1868 aures
1486 1815 1654 1867 nobis
1678 1816 1836 1867 Deus
1863 1816 2123 1882 aperiat,
2175 1815 2290 1867 hoo
2322 1822 2448 1882 est,
2499 1816 2675 1884 pervi-

387 1884 617 1937 caciam
661 1886 942 1955 corrigat,
993 1886 1232 1961 quaein
1256 1885 1427 1938 nobis
1446 1885 1703 1950 haeret,'
1730 1900 2066 1958 quanquam
2101 1885 2257 1937 inter
2287 1885 2675 1954 promiscuum

337 1951 362 2010 ,’
388 1961 450 2004 et
479 1971 732 2007 crassum
764 1957 962 2025 vulgus
1010 1957 1132 2018 (cui
1168 1954 1452 2010 sacrificia
1478 1965 1705 2008 tantum
1736 1966 1967 2024 spectra
1999 1965 2166 2006 erant
2192 1956 2316 2008 sine
2340 1955 2593 2024 virtute)
2628 1962 2674 2005 et

381 2022 540 2076 inter
563 2025 845 2085 Davidem
863 2066 880 2094 ,
923 2027 1019 2078 cui
1044 2026 1308 2081 subtilius
1332 2027 1666 2080 ostenderat
1689 2027 1851 2078 Deus
1877 2025 2238 2094 spiritualem
2270 2034 2330 2077 et
2357 2025 2664 2095 legitimum

384 2108 589 2163 usum,
647 2096 843 2149 subest
880 2097 1060 2149 tacita
1102 2095 1422 2151 antithesis.
1506 2096 1809 2167 Apostolus
1853 2104 2050 2148 autem
2097 2096 2364 2148 Graecos
2407 2105 2659 2167 sequutus

386 2164 568 2220 dixit:
610 2166 832 2238 Corpus
864 2167 1095 2236 aptasti.
1163 2167 1369 2239 Neque
1395 2166 1552 2220 enim
1585 2168 1650 2219 in
1682 2166 1869 2219 verbis
1894 2166 2210 2221 recitandis
2242 2165 2387 2217 adeo
2418 2165 2673 2236 religiosi

384 2234 657 2304 fuerunt,
710 2237 885 2288 modo
929 2254 1003 2289 ne
1036 2236 1333 2307 Scriptura
1369 2235 1436 2289 in
1476 2252 1645 2291 suum
1685 2237 2051 2291 commodum
2091 2236 2242 2289 falso
2282 2236 2676 2289 abuterentur.

385 2306 624 2375 Semper
664 2304 777 2362 hoe
818 2307 1198 2374 spectandum
1237 2314 1357 2374 est,
1424 2323 1700 2379 quorsum
1726 2309 1940 2359 foitent
1987 2306 2351 2368 testimonia3
2425 2323 2575 2359 nam
2623 2307 2678 2358 in

386 2392 560 2445 scopo
601 2377 726 2445 ipso
773 2377 1356 2445 diligenter-cavent,
1406 2394 1483 2429 ne
1513 2377 1870 2446 scripturam
1897 2376 2134 2433 trahant
2161 2377 2224 2429 in
2262 2377 2528 2430 alienum
2564 2393 2681 2429 sen-

380 2463 543 2510 sum3
568 2447 692 2502 ,sed
720 2458 841 2500 tam
868 2450 932 2500 in
966 2449 1159 2502 verbis
1180 2486 1197 2517 ,
1253 2464 1428 2519 quam
1455 2449 1519 2502 in
1546 2449 1708 2519 aliis,
1750 2465 1912 2522 quae
1940 2450 2259 2520 praesentis
2283 2447 2550 2501 instituti
2577 2463 2687 2504 non

323 2521 329 2532 ¹
384 2526 555 2583 sunt,
595 2518 706 2572 sibi
735 2518 972 2572 liberius
1003 2519 1327 2593 indulgent.
2595 2525 2603 2542 '

518 2589 571 2642 ⁷.
645 2590 717 2640 In
750 2590 939 2657 capite
968 2590 1125 2643 libri.
1200 2587 1455 2641 Verbum
1480 2586 1840 2639 Hebraioum
1866 2587 2106 2658 proprie
2133 2586 2421 2638 Volumen
2462 2585 2689 2655 signifi·

382 2665 493 2711 cat.
565 2657 791 2716 Scimus
836 2658 1025 2723 enim,
1072 2657 1254 2714 libros
1290 2656 1720 2725 antiquitusin
1762 2674 1985 2711 morem
2030 2657 2280 2730 cylindri
2312 2658 2500 2709 fuisse
2535 2672 2690 2712 com·

380 2726 651 2797 plicatos.
723 2730 904 2782 Porro
936 2727 1098 2781 Libri
1126 2728 1365 2782 nomine
1390 2728 1610 2796 Legem
1650 2725 1938 2797 intelligi,
1987 2744 2137 2797 quae
2170 2728 2441 2797 regulam
2486 2737 2689 2779 sancte

380 2796 607 2851 vivendi
636 2799 900 2851 omnibus
929 2799 1043 2852 Dei
1069 2799 1208 2854 filiis
1242 2799 1623 2870 praescribit,
1674 2798 1986 2852 absurdum
2015 2816 2135 2850 non
2166 2808 2286 2866 est,
2339 2811 2690 2868 quanquam

378 2865 529 2919 mihi
554 2867 807 2937 genuina
836 2868 1024 2938 magis
1052 2870 1280 2923 videtur
1309 2868 1457 2920 haec
1485 2867 1763 2937 expositio
1787 2907 1803 2936 ,
1849 2877 1915 2920 ut
1942 2869 2134 2935 dicat,
2168 2885 2228 2921 se
2254 2868 2318 2919 in
2350 2884 2570 2919 eorum
2598 2882 2693 2919 ca·

378 2937 575 3006 talogo
615 2938 869 3006 censeri,
966 2939 1025 2993 ui
1054 2957 1116 2993 se
1145 2941 1275 2997 Deo
1305 2939 1587 3007 praebent
1616 2939 2020 3008 obsequentes.
2088 2940 2207 2990 Lex
2244 2936 2486 3007 quidem
2526 2939 2699 2989 iubet

378 3024 486 3062 nos
522 3025 718 3063 omnes
742 3010 870 3064 Deo
902 3025 934 3061 o
980 3010 1175 3074 edire;
1224 3008 1325 3064 sed
1363 3008 1641 3079 intelligit
1667 3010 1894 3075 David,
1943 3026 2006 3062 se
2042 3008 2202 3066 inter
2242 3023 2340 3060 eos
2378 3007 2698 3059 numerari

378 3078 476 3148 qui
516 3079 710 3137 ,vocari
751 3089 917 3147 sunt,
974 3089 1039 3133 ut
1063 3082 1188 3138 Deo
1229 3078 1524 3135 obediant.
1594 3080 1824 3136 Deinde
1865 3088 2116 3132 testatur
2152 3095 2213 3130 se
2247 3078 2559 3130 vocationi
2595 3079 2701 3130 ob·

376 3151 735 3218 temperare,
787 3165 965 3223 quum
999 3150 1196 3206 addit:
1248 3149 1454 3211 Volui;
1505 3148 1660 3217 quod
1689 3150 1753 3202 in
1783 3148 2078 3201 Christum
2107 3148 2493 3219 peculiariter
2529 3164 2697 3203 com-

375 3219 546 3287 petit.
615 3222 768 3274 Nam
807 3229 1097 3291 utcunque
1139 3221 1215 3273 ad
1242 3219 1357 3272 Dei
1396 3218 1680 3276 iustitiam
1708 3223 1894 3274 saneti
1924 3235 2125 3288 ornnes
2155 3219 2485 3293 adspirent:
2543 3234 2698 3271 unus

382 3297 581 3354 tamen
622 3298 709 3344 est
742 3290 1037 3357 Christus,
1091 3291 1191 3361 qui
1214 3290 1394 3360 plane
1419 3288 1494 3343 sit
1522 3289 1596 3340 ad
1622 3283 1959 3345 faciend‘am
1978 3289 2098 3345 ‘Dei
2130 3290 2493 3341 voluntatem
2530 3305 2700 3340 com·

384 3358 622 3425 positus.
695 3360 808 3415 Hic
843 3371 1036 3414 tamen
1068 3361 1231 3413 locus
1262 3376 1367 3412 nos
1393 3376 1590 3414 omues
1616 3359 1689 3411 ad
1723 3359 1858 3413 obse
1901 3360 1985 3411 uii
2020 3359 2562 3429 promptitudinem
2601 3361 2703 3411 sti-

341 3463 347 3476 ·
373 3428 599 3483 mulare
624 3428 811 3487 debet.
884 3433 1039 3484 Nam
1068 3432 1199 3484 ideo
1234 3428 1496 3484 Christus
1516 3430 1810 3497 perfectae
1839 3447 1871 3483 o
1916 3430 2206 3482 edientiae
2233 3431 2551 3498 exemplar
2587 3438 2702 3496 est,

376 3508 478 3566 ut,
534 3499 864 3571 quicunque
902 3501 1025 3555 eius
1062 3510 1228 3568 sunt,
1281 3500 1551 3556 certatim
1597 3498 1674 3555 ad
1711 3502 1834 3554 eius
1873 3502 2263 3556 imitationem
2295 3497 2706 3564 contendant,

269 3601 280 3612 x
373 3580 435 3621 ut
465 3569 1056 3639 simula-esponderunt
1079 3569 1548 3634 Dei‘vocationi,
1600 3578 1842 3639 totaque
1885 3587 2087 3625 eorum
2125 3572 2246 3621 vita
2279 3569 2442 3621 hanc
2488 3585 2707 3625 vocem

374 3640 747 3707 comprobet:
799 3648 951 3700 Ecce
981 3644 1204 3696 adsum.
1280 3639 1501 3693 Eodem
1529 3639 1822 3709 pertinet,
1873 3641 2029 3710 quod
2057 3642 2354 3710 sequitur,
2393 3640 2708 3708 scriptum

376 3726 499 3772 essa
526 3711 587 3763 in
615 3710 803 3779 libro,
856 3720 917 3762 ut
942 3712 1054 3765 Dei
1082 3710 1367 3778 faciamus
1397 3709 1751 3764 voluntatem
1771 3747 1789 3776 ,
1848 3710 2338 3780 quemadmodum
2364 3709 2517 3760 alibi
2557 3712 2709 3777 (Co-

372 3779 504 3835 loss.
540 3779 590 3845 1,
628 3781 741 3848 22.)
790 3781 1033 3848 dicitur,
1084 3781 1242 3838 hunc
1283 3780 1585 3833 electionis
1621 3792 1854 3836 nostrae
1889 3799 2010 3851 esse
2038 3781 2251 3849 finem,
2301 3788 2368 3835 ut
2394 3783 2617 3836 sancti
2650 3786 2708 3833 et

373 3848 913 3924 irreprehensibiles
944 3852 1123 3908 simus
1148 3852 1209 3905 in
1235 3852 1360 3906 eius
1391 3860 1724 3918 conspectu.
2471 3895 2477 3906 ,

504 3916 555 3971 9.
637 3918 820 3976 Tollit
850 3921 1058 3989 priris-‚1
1106 3924 1195 3978 En
1224 3937 1328 3977 cur
1360 3929 1419 3971 et
1446 3936 1717 3989 quorsum
1745 3921 1957 3971 citetur
1982 3920 2076 3972 hic
2103 3920 2300 3987 locus„
2361 3935 2609 3987 nempe
2648 3929 2709 3974 ut

372 3984 672 4055 sciamus,
709 3989 937 4057 plenam
962 3991 1323 4068 solidamque
1348 3991 1635 4044 iustitiam
1666 3992 1772 4043 sub
1805 4007 1985 4059 regno
2018 3991 2231 4045 Christi
2257 3991 2591 4045 sacrificiis
2625 3990 2710 4043 le-

370 4056 595 4124 galibus
633 4075 761 4115 ,non
808 4061 1090 4128 indigere.
1164 4063 1319 4121 Nam
1349 4062 1460 4117 Dei
1490 4061 1758 4117 voluntas
1788 4063 1980 4129 quoad
2005 4061 2385 4129 perfectionis
2413 4061 2709 4129 regulam

370 4127 487 4197 illis
524 4127 766 4185 sublatis
801 4132 1096 4192 statuitur.
1168 4126 1440 4200 Sequitur
1486 4132 1717 4203 itaque,
1769 4147 1802 4183 a
1830 4131 2065 4188 ‚Christi
2112 4131 2448 4187 sacerdotio
2480 4139 2709 4184 'remo-

374 4198 586 4255 vendas
616 4216 739 4256 essa
770 4200 1055 4268 pecudum
1093 4200 1389 4268 victimas,
1439 4201 1576 4269 quia
1616 4217 1928 4258 commuue
1969 4201 2120 4258 nihil
2161 4217 2292 4258 cum
2335 4217 2406 4251 eo
2454 4199 2708 4255 habent.

366 4269 500 4328 Nou
542 4269 734 4339 enim,
791 4280 854 4320 ut
894 4271 1178 4337 diximus,
1232 4288 1408 4327 causa
1450 4279 1619 4338 erat„
1666 4288 1771 4326 our
1814 4272 2103 4330 sacrificia
2134 4272 2413 4330 reiiceret
2448 4282 2708 4339 propte!

370 4338 733 4395 accidentale
759 4340 963 4395 vitium
981 4381 998 4406 ,
1037 4340 1177 4410 quia
1202 4358 1323 4396 non
1349 4341 1470 4411 agit
1501 4358 1635 4394 eum
1663 4340 2024 4412 hypocritis,
2059 4359 2169 4398 neo
2199 4342 2710 4409 superstitionem

372 4409 740 4492 reprehendit
784 4409 971 4467 cultus
1016 4412 1414 4485 praeposteri,
1463 4411 1566 4470 sed
1615 4412 1689 4469 sb
1734 4412 2104 4487 hominspio
2143 4412 2378 4483 riteque
2414 4414 2707 4469 instituto

1420 4629 1429 4660 ἲ
