2820 4895
424 232 427 247 ·
502 224 522 259 s

757 308 775 345 „
846 256 984 356 An
1047 210 1419 355 ’,ι’ςίῖῑῂνιἰ
1483 252 1775 323 can.
1946 281 1950 284 ·
2048 358 2049 361 Ν
2130 222 2133 231 ’
2333 266 2515 363 353·

160 427 252 480 Ne
277 443 464 479 sermo
497 427 611 479 Dei
642 426 794 479 male
822 428 1031 480 audiat
1047 465 1065 493 ,
1098 422 1337 496 proprie
1360 425 1436 497 ad
1460 425 1734 508 mulieres
1758 434 2024 496 spectare
2044 437 2270 499 putant,
2307 449 2472 503 quaer

154 497 391 550 iunctae
421 506 594 548 erant
624 497 761 548 viris
787 496 1137 565 incredulis,
1180 499 1276 563 qui
1306 511 1377 549 ex
1413 496 1589 547 malis
1615 499 2151 569 uxorumffimoribus
2176 512 2469 571 poterant·

156 566 542 635 Evangelium
586 567 934 631 aestimare,
969 567 1150 636 ,idque
1183 567 1413 620 videtur
1440 566 1590 619 Petri
1631 568 1820 620 verbis
1861 570 2196 624 confirmari
2239 573 2453 640 prioris

158 637 445 704 epistolae
473 644 604 758 cap.
632 637 687 703 3,
720 639 770 689 1.
845 637 1059 690 Verum
1087 636 1224 707 quid
1242 675 1258 702 ‚
1297 637 1347 691 si
1370 651 1490 687 non
1519 637 1589 686 de
1614 637 1750 689 solis
1775 639 1998 692 maritis
2025 639 2339 712 loquatur?
2373 645 2454 696 Et
2485 640 2491 670 ¹

154 715 314 758 certe
358 707 542 775 proba
584 706 718 758 ilius
755 716 842 757 est
886 706 1067 761 talem
1111 708 1332 776 requiri
1378 705 1529 758 vitae
1570 708 1953 775 probitatem,
2018 727 2095 763 ne
2131 713 2249 764 suis
2294 713 2455 766 vitiis

153 777 535 844 Evangelium
564 775 736 846 vulgo
763 774 1071 831 infament.
1138 777 1389 850 Reliqua
1417 785 1693 845 petantur
1730 795 1801 830 ex
1833 781 2039 848 quinto
2067 784 2261 852 capite
2280 784 2451 851 ⁴prio-

150 847 235 899 ris
266 846 552 916 epistolae
577 847 653 900 ad
676 845 1060 900 Timotheum.
1157 888 1171 918 s
1472 862 1475 871 ·

319 1019 379 1082 6.
462 1010 776 1091 Ιηηίοτεέ
815 1010 1155 1080 ,similiter
1226 1011 1501 1076 hortare
1519 1058 1553 1089 ,.
1617 1026 1694 1078 ut
1744 1026 2210 1101 temperantes
2243 1012 2448 1096 {sinn

69 1176 74 1180 .
131 1105 218 1171 ,7.
253 1101 336 1166 In
364 1102 1025 1184 omnibuste‘ssipsum
1051 1095 1376 1162 exhibens
1408 1098 1758 1184 exemplar
1789 1100 2126 1165 bonorum
2157 1122 2446 1189 operum

147 1189 220 1248 in
278 1185 627 1261 doctrina,
694 1187 1184 1269 integritatem,
1248 1185 1680 1268 gravitatem,
1773 1186 1831 1246 8.
1886 1185 2285 1265 Sermonem
2330 1207 2449 1252 sa-

146 1291 348 1347 num,
390 1274 528 1334 irre
581 1265 1098 1343 rehensibilem,
1143 1276 1220 1328 ut
1262 1268 1681 1332 adversarius
1723 1267 2060 1355 pudefiat,
2102 1269 2274 1337 nihil
2311 1264 2446 1335 lia-

146 1356 343 1432 bem,
387 1375 521 1440 quo
601 1355 684 1418 de
718 1355 912 1420 vobis
946 1350 1383 1435 obloquatur,
1472 1355 1530 1414 9.
1564 1351 1834 1429 Servos,
1873 1367 1948 1417 ut
1979 1355 2271 1421 dominis
2300 1361 2448 1422 suis

144 1440 438 1504 subiecti
470 1444 641 1515 sint,
682 1440 757 1500 in
786 1438 1097 1500 omnibus
1138 1434 1408 1522 placere
1453 1438 1842 1514 studentes,
1885 1460 2024 1503 non
2065 1460 2444 1526 responsa-

142 1520 370 1602 tores,
455 1529 551 1589 10.
593 1524 751 1586 Non
780 1520 1241 1600 furaceS,‘sed
1271 1517 1469 1601 fidem
1516 1538 1787 1605 omnem
1831 1526 2266 1590 ostendentes
2313 1527 2446 1588 bo-

138 1627 343 1756 gam,
398 1620 484 1674 ut
519 1607 895 1674 doctrinam
932 1606 1313 1675 Servatoris
1367 1608 1586 1668 nostri
1625 1604 1756 1671 Dei
1799 1620 2047 1673 ornent
2087 1598 2160 1673 ih
2211 1613 2443 1675 omni—

190 1709 293 1757 us,
1071 1700 1076 1705 ’
1579 1694 1588 1719 ’
2106 1711 2110 1715 ⁴
2204 1706 2215 1723 ¹
2270 1706 2279 1715 ·
2436 1696 2439 1703 ⁴

285 1827 340 1880 6.
403 1828 700 1882 laniare-r.
769 1829 1009 1880 Iuvenes
1036 1835 1269 1879 tantum
1295 1822 1369 1877 ad
1397 1828 1850 1894 temperantiam
1877 1827 2103 1881 institui
2128 1828 2442 1901 praecipit,

142 1892 464 1966 quia'haec
489 1897 669 1950 virtus
700 1903 788 1966 (ut
818 1897 988 1949 docet
1011 1899 1203 1961 Plato)
1234 1906 1423 1948 totam
1448 1897 1708 1951 hominis
1747 1910 2003 1950 mentem
2030 1909 2212 1953 sanat.
2282 1903 2445 1970 Ergo

138 1966 390 2035 perinde
430 1976 548 2046 est,
602 1975 673 2020 ac
711 1969 762 2019 si
799 1967 1054 2024 diceret:
1109 1969 1257 2020 bene
1294 1968 1648 2037 compositos
1685 1977 1747 2020 et
1777 1968 1996 2021 rationi
2034 1970 2445 2043 obtemperans-

140 2046 259 2090 ιω.
284 2103 337 2157 7.
405 2103 493 2158 ‘Te
528 2100 722 2174 ipsum*
746 2107 1037 2158 exhibens.
1105 2082 1261 2158 Nam
1293 2106 1768 2174 parumsalioqui
1802 2094 2167 2160 auctoritatis
2196 2108 2445 2162 habebit

139 2174 449 2240 doctrina,
484 2175 596 2226 nisi
627 2178 690 2229 in
719 2177 836 2227 vita
867 2177 1177 2243 Episcopi,
1216 2187 1498 2245 tanquam
1528 2177 1590 2229 in
1625 2178 1890 2245 speculo,
1944 2176 2023 2229 vis
2065 2179 2184 2230 eius
2224 2182 2282 2233 et
2313 2196 2441 2232 ma-

140 2247 332 2299 iestas
370 2246 618 2300 eluceat.
701 2246 837 2298 Vult
876 2262 1010 2315 ergo
1053 2246 1352 2299 doctorem
1398 2264 1519 2297 esse
1555 2247 1884 2317 exemplar,
1937 2247 2031 2298 cui
2071 2265 2132 2300 se
2170 2248 2459 2318 discipuli

143 2312 547 2369 conforment.
619 2314 783 2384 Quae
827 2328 1176 2385 sequuntur,
1234 2324 1473 2384 propter
1518 2316 1830 2371 obscurum
1873 2318 2152 2370 orationis
2184 2321 2442 2388 comple-

138 2402 286 2438 xum
314 2385 590 2456 ambigua
618 2394 769 2441 sunt.
837 2388 1010 2438 Ponit
1037 2389 1193 2439 enim
1222 2389 1284 2439 in
1315 2387 1622 2457 doctrina,
1659 2403 1795 2452 mox
1830 2386 2066 2439 subiicit
2101 2389 2162 2440 in
2203 2406 2442 2443 accusa·
2524 2440 2526 2443 .

136 2458 262 2510 tivo
297 2472 467 2509 casu:
521 2459 937 2524 integritatem,
969 2460 1321 2523 gravitatem
1353 2466 1463 2509 etc.
1539 2456 1782 2509 Omissis
1812 2459 2063 2510 aliorum
2090 2460 2442 2530 interpreta-

139 2526 403 2584 tionibus
431 2525 689 2592 affeum,
727 2526 881 2594 quod
911 2526 1058 2578 mihi
1088 2527 1315 2579 videtur
1337 2525 1589 2577 maxime
1616 2529 1935 2596 probabile.
1996 2530 2267 2583 Primum
2289 2531 2440 2582 haec

139 2598 322 2650 verba
346 2592 520 2649 simul
551 2604 865 2648 conuecta:
906 2601 1179 2649 bonorum
1209 2615 1438 2664 operum
1468 2599 1530 2647 in
1560 2597 1848 2652 doctrina.
1919 2599 2074 2651 Nam
2105 2618 2281 2669 quum
2319 2603 2441 2653 ius·
2472 2613 2477 2616 ⁷

142 2669 321 2730 serit,
359 2667 645 2718 bonorum
674 2682 911 2735 operum
939 2666 1186 2718 studium
1216 2666 1478 2717 docendo
1511 2666 1704 2734 urgeri
1735 2669 1853 2720 vult
1875 2668 2032 2721 bona
2057 2686 2251 2739 opera,
2289 2689 2438 2739 quae

138 2738 285 2791 huic
314 2735 1061 2806 doctrinaerespondeant,
1102 2736 1353 2802 spectari
1390 2738 1453 2788 in
1490 2737 1790 2790 eius.vita.
1859 2737 2106 2791 Proinde
2149 2743 2438 2811 particula

138 2809 207 2861 ln
234 2807 709 2860 convenientiam
735 2805 991 2859 denotat.
1067 2805 1194 2856 Iam
1224 2822 1372 2875 quae
1410 2814 1763 2874 sequuntur,
1796 2806 1954 2860 ‘nibil
1982 2807 2201 2862 habent
2229 2813 2439 2864 obscu—

137 2875 354 2932 ritatis.
424 2878 578 2929 Nam
601 2886 669 2929 ut
698 2877 999 2934 doctrinae
1032 2890 1170 2927 suae
1206 2885 1408 2945 typum
1441 2877 1504 2926 iri
1547 2877 1827 2929 moribus
1851 2878 2105 2948 referat,
2143 2882 2433 2950 integrum

140 2959 200 3001 et
232 2961 474 3017 gravem
508 2962 631 2998 esse
656 2947 838 3006 iubet.
952 2948 1142 3002 Sanus
1172 2963 1358 2998 sermo
1385 2945 1464 2997 ad
1495 2962 1864 2999 communem
1893 2949 2070 3002 vitam
2102 2956 2252 3017 (meo
2283 2953 2439 3005 iudi-

140 3018 259 3086 cio)
288 3025 349 3069 et
376 3016 602 3084 privata
631 3015 920 3087 colloquia
942 3016 1218 3081 refertur.
1302 3014 1630 3068 Absurdum
1668 3017 1825 3070 enim
1863 3017 2046 3086 foret,
2091 3021 2161 3072 de
2199 3017 2436 3091 publica

138 3088 415 3140 doctrina
449 3086 885 3156 interpretari„
925 3099 1100 3155 quum
1145 3092 1375 3136 tantum
1417 3086 1556 3154 velit
1599 3084 1800 3140 Titum
1838 3087 1910 3149 jn
1954 3089 2123 3142 factis
2170 3101 2229 3142 et
2265 3093 2436 3144 dictis

138 3165 569 3227 congruentem
592 3157 808 3213 habere
847 3156 1021 3209 vitam
1061 3171 1199 3208 suae
1236 3155 1678 3223 praedicationi.
1745 3159 1940 3228 Quare
1975 3176 2271 3213 sermones
2313 3165 2434 3215 eius

133 3223 319 3297 puros
348 3243 471 3279 esse
504 3229 669 3281 iubet
704 3246 775 3281 ac
811 3235 1064 3294 remotos
1103 3225 1176 3276 ab
1216 3225 1375 3276 omni
1418 3225 1764 3294 corruptela.
1859 3246 1864 3252 ·
1904 3225 2439 3299 Ir'reprehensibilis·

130 3307 259 3351 tam
290 3297 367 3350 ad
392 3313 723 3351 sermonem
752 3313 926 3368 quam
964 3296 1048 3349 ad*
1069 3310 1381 3363 personam
1407 3296 1530 3350 Titi
1568 3297 1760 3365 aptari
1797 3306 2008 3365 potest.
2076 3301 2206 3351 Hoc
2243 3310 2433 3367 poste-

134 3369 260 3423 rius
288 3369 468 3451 magis
495 3369 849 3437 amplector,
900 3375 966 3419 ut
1000 3365 1209 3435 reliqui
1235 3365 1550 3419 accusativi
1582 3367 1760 3435 (quod
1796 3368 2052 3435 syntaxis
2083 3368 2313 3422 Graeca
2349 3372 2438 3422 fa-

134 3439 255 3492 cile
282 3441 526 3507 patitur)
556 3438 693 3494 inde
720 3437 1042 3505 pendeant,
1089 3431 1205 3487 hoc
1237 3452 1438 3488 sensus
1483 3438 1706 3505 Nempe
1745 3447 1810 3487 ut
1850 3445 1911 3487 te
1952 3439 2436 3512 irreprehensibi·
2490 3491 2501 3495 ,
2562 3493 2565 3504 χ

130 3508 321 3562 bilem
346 3509 626 3577 praebeas
658 3508 978 3577 gravitate,
1018 3506 1395 3575 integritate,
1434 3508 1589 3559 sanis
1621 3506 2000 3563 sermonibus.
2428 3512 2435 3522 ’

277 3578 338 3631 8.·
414 3580 494 3629 Ut
534 3580 920 3630 adversarius.
1007 3575 1265 3629 Tametsi
1310 3576 1415 3628 alii
1464 3576 1611 3629 fines
1666 3576 1971 3648 spectandi
2029 3587 2161 3630 sunt
2207 3576 2433 3632 homini

132 3645 509 3700 Christiano:
570 3663 689 3699 non
730 3655 929 3698 tamen
969 3645 1070 3698 hic
1105 3646 1321 3715 negligi
1373 3646 1580 3712 debet,
1645 3657 1710 3699 ut
1745 3644 1940 3713 impiis
1976 3663 2040 3698 os
2079 3643 2429 3718 obstruatur,

132 3716 315 3769 sicuti
348 3717 565 3786 passim
595 3718 978 3769 admonemur
1016 3731 1136 3768 non
1183 3732 1306 3769 esse
1344 3715 1465 3768 illis
1496 3717 1743 3768 dandam
1782 3716 2148 3770 occasionem
2184 3719 2434 3773 maledi-

132 3786 331 3839 cendi.
404 3788 802 3857 Quaecunque
833 3787 987 3838 enim
1015 3785 1229 3853 probra
1254 3788 1315 3839 in
1342 3788 1559 3839 nostris
1588 3786 1844 3839 moribus
1871 3797 2111 3857 possunt
2150 3789 2425 3860 arripere,

134 3872 206 3908 ea
237 3858 304 3909 in
332 3854 625 3911 Christum
657 3857 894 3925 eiusque
931 3857 1257 3910 doctrinam
1290 3866 1582 3926 torquent.
1649 3859 1741 3910 Ita
1769 3856 1869 3923 fit,
1918 3867 1985 3909 ut
2017 3866 2239 3921 nostra,
2260 3862 2431 3930 culpa

130 3926 530 3979 contumeliae
558 3928 856 3980 subiaceat
883 3943 1112 3978 sacrum
1138 3927 1248 3979 Dei
1272 3942 1504 3980 nomen.
1574 3927 1824 3978 Proinde
1853 3944 1966 3995 quo
1989 3944 2093 3979 nos
2122 3929 2310 3981 aerius
2343 3932 2428 3982 vi-,

132 3995 341 4048 demus
367 3996 439 4048 ab
469 3996 736 4052 hostibus*
761 3997 1081 4063 observari,
1122 4012 1192 4046 eo
1232 3997 1417 4065 magis
1451 3997 1665 4048 intenti
1701 3996 1877 4049 sitnm
1908 3998 1982 4049 ad
2011 4001 2296 4051 cavendas
2328 3997 2425 4051 eoss

128 4080 269 4187 rutlr’i
296 4066 651 4137 calumnias,
692 4076 870 4139 atque
897 4065 982 4120 ita
1006 4082 1211 4119 eorum
1250 4068 1589 4136 malignitas
1629 4066 2076 4120 studium'bene
2119 4069 2328 4138 agendi
2363 4070 2423 4120 in

136 4151 217 4187 no
263 4134 311 4186 is
344 4146 538 4191 acuat.
906 4167 911 4176 ·
959 4135 978 4152 ‘²
1444 4171 1453 4174 -
1777 4169 1782 4176 ·
2167 4163 2171 4168 ·
2260 4147 2263 4150 ’
2416 4143 2422 4152 “

209 4209 234 4216 ”
272 4204 327 4257 9.
405 4208 623 4261 Servos.
694 4207 823 4259 Iam
851 4205 1071 4259 dictum
1097 4214 1217 4271 est,
1258 4205 1501 4258 Paulum
1535 4205 1788 4258 breviter
1823 4204 2100 4258 duntaxat
2140 4204 2425 4274 quaedam
2520 4237 2523 4238 ν

132 4272 426 4343 attingere
457 4275 712 4344 exempli
748 4287 956 4343 ωυρμ·
992 4293 1112 4328 non
1135 4283 1342 4334 *autem
1378 4293 1471 4328 res
1501 4284 1654 4326 totas
1695 4276 2018 4343 explicare,
2049 4276 2422 4345 quemadmo-

134 4340 275 4396 dum
309 4344 356 4397 si
390 4360 487 4397 eas
520 4360 591 4397 ex
621 4347 884 4414 professo
925 4346 1266 4399 tractandas
1305 4348 1637 4414 susciperet.
1707 4347 1912 4415 Itaque
1943 4346 2080 4397 dum
2110 4361 2302 4397 servos
2332 4345 2423 4396 iu-

128 4409 234 4464 bet
260 4414 514 4466 dominis
539 4418 772 4484 placere
794 4435 897 4486 per
924 4419 1146 4484 omnia,
1180 4415 1295 4469 hoc
1330 4414 1600 4487 placendi
1639 4416 1894 4470 studium
1928 4415 2007 4468 ad
2048 4430 2115 4466 ea
2150 4413 2425 4485 restringi

214 4480 307 4566 Π.
755 4559 762 4572 f
1045 4547 1048 4552 Α
1598 4487 1683 4548 23
