2820 4895
640 219 776 287 An
838 175 1540 288 rimetur-:um
1594 218 1657 283 ι.
1729 219 1886 286 (ιιι.
1912 207 2047 286 ἰν.
2368 199 2497 287 263

178 401 290 444 ore
333 389 999 490 pseudoprophetarum
1014 385 1090 440 ad
1121 361 1515 474 ’decipiendos
1553 388 1856 473 ln-,fideles
1909 390 2022 461 qui
2038 389 2205 459 decip
2208 379 2488 452 {meren-

126 471 295 514 tur
289 465 384 549 ...ss
403 464 547 531 Reg.
574 464 665 526 21,
698 460 829 526 2.3.)
902 459 1165 529 quisquis
1193 471 1386 512 autem
1422 461 1671 512 debitam
1715 427 1946 514 Christo
1977 407 2229 530 gloriam
2257 460 2485 527 tribuit,

108 581 113 584 ,
175 547 253 585 ex
283 532 505 601 Spiritu
532 532 645 584 Dei
683 530 981 600 loquitur,
1032 539 1181 581 teste
1208 531 1388 584 Paulo
1429 534 1482 599 (1
1513 533 1648 582 Cor.
1679 533 1761 594 12,
1793 530 1843 585 3.
1853 537 1889 593 J.
1964 534 2178 584 Verum
2218 532 2484 601 loquutio

169 604 329 668 ista,
363 604 435 655 de
462 619 574 671 qua
599 618 753 654 nunc
783 603 1041 669 agimus,
1078 600 1217 652 hinc
1244 600 1415 658 initio
1443 603 1737 666 manavit,
1768 601 1920 668 quod
1952 601 2094 653 servi
2114 602 2257 668 Dei,
2296 611 2362 654 ut
2389 620 2483 653 res

173 682 345 737 erat,
395 690 456 725 se
478 674 698 725 habere
729 689 797 723 ex
824 672 1069 740 Spiritus
1103 672 1464 723 revelatione
1495 672 1957 740 profitebantur,
2013 669 2391 748 quaecunque
2420 672 2518 724 in

173 744 442 795 medium
475 732 830 795 'sufferebant
898 743 1056 793 unde
1100 742 1216 793 illis
1262 742 1513 793 inditum
1557 744 1669 802 fuit
1714 743 1960 806 Spiritus
2014 757 2256 809 nomen,
2324 744 2483 796 cuius

173 824 356 865 erant
384 830 617 883 organa.
689 814 942 865 Satanae
971 829 1104 862 vero
1136 812 1397 864 ministri
1425 812 1574 863 falsa
1605 812 2029 890 aemulatione,
2080 823 2179 865 tan
2227 830 2360 865 uam
2404 814 2483 864 ‘si—

175 884 387 950 miae,
407 886 582 935 *idem
629 893 830 958 postea
870 884 1093 934 iactare
1134 890 1486 965 coeperunt,
1540 889 1598 933 et
1627 899 1841 933 nomen
1874 883 2027 953 quoq
2031 899 2103 934 ue
2140 834 2289 936 faclso
2318 884 2388 935 ad
2422 901 2483 935 se

174 961 508 1006 traxerunt.
578 949 935 1005 Secundum
947 953 1100 1005 hanc
1138 953 1433 1005 rationem
1476 952 1616 1006 dicit
1645 953 1932 1005 lohannes
1972 957 2044 1020 (1
2058 952 2345 1021 Iohan.4,
2378 956 2481 1018 1.).

173 1026 436 1076 Probate
470 1025 737 1094 spiritus,
795 1024 1077 1092 numquid
1111 1041 1180 1075 ex
1206 1021 1330 1075 Deo
1361 1025 1496 1076 sint.
1566 1024 1645 1074 Et
1676 1024 1894 1074 Paulus
1917 1040 1977 1074 se
2017 1023 2203 1091 ipsum
2244 1024 2482 1090 exponit

173 1095 447 1146 addendo
474 1098 763 1147 doctrinis
794 1096 1257 1145 daemoniorum.
1251 1112 1265 1126 ·
1321 1094 1476 1162 quod
1514 1093 1756 1161 perinde
1799 1104 1883 1145 est
1923 1110 1991 1144 ac
2029 1094 2075 1144 si
2117 1095 2366 1146 dixisset·
2394 1102 2481 1144 at·-

178 1167 484 1217 tendentes
516 1163 1059 1232 pseudoprophetis,
1115 1170 1174 1214 et
1216 1164 1526 1216 diabolicis
1561 1180 1761 1214 eorum
1800 1163 2478 1231 dogmatibu8.1terum

176 1236 456 1300 observa,
509 1251 682 1303 quam
715 1251 849 1285 ιιοιι
863 1235 996 1283 levis
1023 1233 1100 1284 sit
1128 1249 1290 1294 error
1321 1252 1432 1286 nec
1466 1233 1914 1285 dissimulandus
1936 1272 1951 1299 ,
2004 1251 2179 1302 quum
2221 1234 2492 1304 alligan-
2635 1297 2639 1306 ἡ

166 1312 278 1368 Νίιιιτ
308 1306 610 1357 hominum
636 1295 929 1373 figmentis
959 1304 1381 1371 conscientiae,
1424 1313 1482 1356 et
1508 1304 1686 1355 simul
1710 1306 1951 1355 vitiatur
1981 1305 2164 1356 cultus
2192 1305 2322 1358 Dei.

316 1376 369 1427 Ξ.
428 1378 514 1425 In
541 1375 840 1441 hypocrisi
868 1374 1360 1441 falsiloquorum
1448 1374 1508 1427 Si
1548 1373 1620 1424 ad
1659 1374 1967 1426 daemonia
2004 1375 2259 1444 referas,
2321 1381 2465 1424 tunc

142 1501 149 1504 ἢ
175 1444 536 1513 significabit
570 1443 683 1495 hoc
712 1446 929 1494 nomen
957 1441 1221 1494 homines
1253 1444 1471 1495 diaboli
1505 1444 1882 1512 instigatione
1912 1444 2202 1500 fallentes.
2271 1445 2475 1510 Potest

176 1525 379 1567 tamen
432 1516 613 1565 etiam
661 1515 993 1577 subaudiri,
1053 1514 1355 1588 hominum
1403 1515 1790 1584 loquentium.
1878 1517 2058 1567 Porro
2102 1516 2177 1567 ad
2220 1514 2475 1586 speciem

179 1602 341 1644 nunc
367 1585 694 1652 descendit,
732 1601 912 1654 quum
942 1585 1083 1634 dicit
1111 1597 1213 1635 eos
1237 1585 1475 1635 mentiri
1503 1586 1566 1636 ιιι
1595 1584 1921 1654 hypocrisi,
1973 1596 2032 1637 et
2065 1588 2328 1637 cauterio
2360 1603 2473 1635 no-

156 1652 375 1708 ‘ratam
407 1658 612 1706 hahere
644 1657 1079 1706 conscientiam.
1153 1656 1228 1705 Et
1261 1655 1495 1729 quidem
1538 1656 1836 1708 sciendum
1877 1661 1992 1722 est,
2045 1655 2194 1722 haec
2237 1654 2350 1706 duo
2388 1654 2475 1705 ita

179 1742 305 1777 esse
338 1721 683 1791 coniuncta,
740 1733 804 1776 ut
833 1726 991 1791 prius
1023 1741 1091 1775 ex
1122 1726 1375 1776 secundo
1407 1736 1700 1781 nascatur.
1772 1727 1923 1777 Nam
1951 1727 2137 1777 malae
2170 1724 2471 1776 conscien—

179 1796 331 1860 tiae,
387 1804 446 1846 et
471 1796 754 1846 scelerum
789 1794 1048 1845 cauterio
1078 1794 1351 1862 adustae,
1403 1809 1628 1868 semper
1661 1788 1731 1849 ad
1762 1796 2132 1865 hypocrisin,
2187 1807 2471 1864 tanquam

181 1866 256 1917 ad
283 1874 616 1948 promptum
651 1866 904 1933 asylum,
952 1866 1325 1932 confugiunt.
1362 1861 1500 1917 hoc
1506 1876 1627 1933 est,
1669 1868 1834 1918 fucos
1862 1866 2224 1935 excogitant,
2266 1865 2480 1934 quibus

179 1936 463 1988 fallantur
490 1935 600 1989 Dei
639 1936 810 1987 oculi.
886 1935 1039 2004 Quid
1072 1937 1227 1986 enim
1263 1936 1420 1986 aliud
1458 1937 1720 2004 faciunt,
1776 1938 1872 2005 qui
1916 1939 2149 1989 student
2193 1953 2324 1988 eum
2357 1936 2480 2003 pla-

181 2021 319 2058 care
349 2006 609 2058 externis
633 2005 1102 2060 observationum
1134 2005 1325 2058 fucis?
1374 2007 1531 2075 Ergo
1563 2007 1886 2075 hypocrisis
1918 2024 2020 2074 pro
2055 2005 2172 2058 loci
2204 2021 2477 2085 praesen·

179 2077 255 2128 tis
293 2075 728 2136 circumstantia
778 2075 1111 2136 definienda
1154 2085 1258 2130 est.
1338 2078 1491 2127 Nam
1543 2079 1734 2144 primo
1771 2079 1846 2128 ad
1894 2078 2223 2129 doctrinam
2260 2073 2472 2130 referri

156 2147 386 2199 debet.
424 2145 630 2199 deinde
661 2164 790 2198 eam
820 2135 1143 2197 doctrinae
1150 2141 1399 2213 speciem
1427 2147 1756 2213 significat,
1776 2161 1945 2231 quae
1975 2146 2331 2215 spiritualem
2363 2143 2476 2199 Dei

183 2218 408 2268 cultum
483 2218 775 2270 exercitiis
826 2216 1220 2284 corporalibus
1277 2219 1564 2270 mutando
1613 2219 1927 2287 genuinam
1981 2219 2102 2269 eius
2154 2219 2473 2285 puritatem

132 2321 137 2326 »
181 2288 494 2340 adulterat.
557 2288 642 2338 ita
684 2287 944 2355 factitios
996 2302 1197 2337 omnes
1245 2288 1514 2353 placandi
1557 2298 1657 2339 urit
1701 2288 2069 2372 promerendi
2109 2290 2222 2346 Dei
2268 2287 2473 2342 modos

180 2358 642 2425 comprehendit.
713 2359 950 2410 Summa
975 2356 1121 2407 haec
1151 2356 1260 2421 sit,
1320 2356 1536 2409 diaboli
1577 2358 1954 2425 instigatione
1998 2358 2190 2424 ferri,
2230 2359 2475 2426 quicun-

140 2447 141 2451 ’
182 2439 305 2498 que
325 2429 582 2481 fucatam
617 2427 1066 2481 sanctimoniam
1091 2427 1404 2481 inducunt·
1459 2426 1595 2496 quia
1638 2429 1896 2482 externis
1927 2428 2138 2481 ritibus
2164 2437 2469 2512 nunquam

180 2503 296 2551 rite
325 2495 480 2553 Deiis
507 2500 733 2567 colitur.
804 2501 955 2552 Nam
986 2500 1103 2549 veri
1134 2484 1387 2550 cultores
1421 2515 1550 2550 eum
1593 2499 1839 2552 adorant
1872 2501 1931 2551 in
1968 2500 2198 2569 Spiritu
2224 2509 2283 2551 et
2321 2499 2494 2550 veri-

180 2579 306 2627 tate
335 2570 561 2634 (Iohan.
589 2573 641 2636 4,
670 2569 803 2632 240.
875 2569 1177 2634 Secundo,
1225 2568 1336 2619 hoc
1376 2585 1498 2620 esse
1538 2569 1745 2625 inutile
1775 2570 2265 2623 medicamentum
2290 2605 2307 2634 ,
2350 2584 2467 2637 quo

141 2636 148 2641 ’
183 2641 413 2692 doleres
444 2655 576 2691 suos
602 2640 872 2709 mitigant
904 2638 1279 2707 hypocritae,
1329 2638 1420 2690 vel
1462 2639 1651 2705 potius
1693 2640 2073 2709 emplastrum
2117 2654 2231 2708 quo
2272 2639 2465 2691 malae

181 2710 578 2763 conscientiae
605 2710 842 2761 vulnera
870 2710 1028 2761 nullo
1055 2709 1324 2781 profectu
1352 2725 1577 2761 summa
1606 2728 1709 2762 suu
1737 2711 1995 2778 pernicie
2029 2710 2344 2763 occultant.

317 2782 369 2834 3.
440 2781 897 2838 Prohibentium.
976 2779 1221 2848 Speciali
1261 2779 1659 2847 designatione
1698 2782 1918 2848 posita,
1972 2797 2126 2833 nunc
2171 2781 2283 2832 dno
2327 2795 2471 2848 quo-

181 2866 295 2917 que
343 2849 645 2901 individua
699 2856 897 2900 notat.
916 2860 926 2885 ι
962 2849 1217 2919 coniugii
1256 2850 1500 2902 *seilicet
1536 2850 2032 2934 prohibitionem,
2086 2859 2145 2901 et
2188 2850 2470 2905 ciborum.

180 2921 332 2973 Sunt
365 2922 520 2972 enim
562 2936 630 2970 ex
663 2920 787 2972 illa
802 2918 1127 3002 hypocrisi,
1180 2935 1330 2988 quae
1353 2920 1561 2971 relicta
1590 2940 1723 2972 vera
1758 2922 2069 2973 sanctitate
2105 2921 2325 2971 alienos
2372 2937 2467 2970 co-

176 2990 380 3043 lores’
361 3006 422 3041 ιιι
450 2991 649 3042 fucum
678 2991 943 3040 accersit.
1003 2992 1164 3053 Nam
1196 2991 1290 3058 qui
1321 2993 1392 3041 ab
1422 2992 1771 3053 ambitione,
1813 2991 1978 3058 odio,
2018 2990 2297 3056 avaritia,
2337 3006 2469 3041 cru-

183 3061 457 3127 delitate,
508 3060 752 3128 aliisque
779 3051 1063 3112 similibus
1095 3077 1213 3111 non
1243 3060 1598 3126 abstinent,
1627 3076 1825 3113 earum
1864 3077 2059 3113 rerum
2089 3061 2464 3126 abstinentia,

180 3134 429 3199 quarum
468 3130 801 3182 libertatem
850 3131 1117 3199 permisit
1155 3133 1348 3197 Deus,
1413 3131 1700 3182 iustitiam
1736 3132 2055 3213 acquirere
2076 3133 2183 3183 sibi
2216 3139 2465 3187 tentant.

183 3204 505 3271 Quorsum
516 3202 673 3252 enim
717 3200 843 3252 istis
885 3200 1128 3277 legibus
1149 3212 1469 3252 onerantur
1509 3204 1933 3270 conscientiae,
1997 3201 2108 3255 nisi
2162 3201 2297 3270 quia
2342 3217 2469 3267 per*

177 3272 359 3323 sectio
393 3281 553 3323 extra
585 3271 694 3324 Dei
723 3271 911 3339 legem
934 3271 1315 3341 quaeritur?
1356 3273 1484 3322 Hoc
1518 3282 1713 3324 autem
1756 3291 1870 3324 non
1910 3271 2128 3324 fitsnisi
2172 3273 2243 3324 ab
2284 3271 2467 3340 hypo-

182 3342 381 3408 critis,
421 3344 525 3410 qui
547 3351 611 3392 ut
639 3342 877 3409 impune
907 3342 1408 3410 transgrediantur
1440 3344 1629 3394 cordis
1658 3342 1971 3405 iustitiam,
2021 3359 2195 3412 quam
2225 3343 2344 3393 Lex
2375 3358 2466 3392 re-

179 3414 393 3481 quirit,
443 3412 786 3464 interiorem
823 3427 988 3467 suam
1020 3413 1342 3480 nequitiam
1371 3411 1883 3473 observatiunculis
1910 3413 2037 3465 istis
2074 3422 2280 3482 tegere
2302 3408 2465 3481 quasi

181 3483 321 3533 velis
361 3483 641 3549 oppositis
681 3489 929 3537 tentant.
1003 3483 1176 3534 Clara
1202 3481 1316 3541 fuit
1341 3482 1489 3534 haec
1512 3484 1758 3552 periculi
1791 3485 2190 3551 denuntiatio,
2245 3491 2308 3532 ut
2348 3499 2472 3534 ιιοιι
2507 3492 2512 3501 “

178 3553 366 3605 'fuerit
404 3553 655 3604 difficilis
696 3553 924 3617 cantic,
987 3552 1034 3603 si
1064 3552 1295 3621 quidem
1329 3570 1498 3604 aures
1527 3554 1767 3622 Spiritui
1804 3564 2036 3620 sanem,
2090 3563 2213 3605 tam
2252 3553 2466 3604 diserte

180 3625 476 3689 monenti,
522 3618 791 3674 homines
828 3622 1249 3688 praebuissent.
1320 3623 1588 3675 Videmus
1617 3633 1813 3676 tamen
1846 3627 1912 3679 in
1940 3624 2197 3691 plurimis
2224 3634 2504 3690 praeva-

179 3694 356 3746 luisse
386 3694 632 3744 Satanae
656 3692 964 3758 tenebras,
1002 3701 1068 3744 ut
1100 3693 1247 3745 nihil
1273 3701 1439 3747 tanta
1468 3693 1613 3745 lux‘'
1595 3696 1833 3764 insignis
1866 3702 1923 3743 et
1952 3693 2306 3745 memorandi
2336 3710 2467 3746 ora-

183 3765 305 3815 culi
332 3763 644 3831 profuerit.
707 3764 943 3814 Etenim
981 3779 1096 3813 non
1141 3757 1327 3815 multo
1364 3775 1492 3830 post
1523 3767 1779 3833 Apostoli
1820 3773 2069 3815 mortem
2108 3764 2292 3814 exorti
2334 3771 2465 3815 sunt
2509 3816 2514 3817 ι

174 3835 525 3887 Encratitae
571 3831 695 3902 (qui
732 3849 944 3884 nomon
986 3833 1095 3884 sibi
1136 3851 1166 3883 a
1208 3833 1567 3885 continentia
1612 3835 1972 3899 indiderunt)
2020 3835 2298 3899 Taciani,
2353 3836 2463 3885 Ca·

170 3905 390 3968 thari,
424 3905 744 3956 Montanus
783 3902 912 3953 cum
947 3919 1052 3957 sua
1084 3913 1275 3969 secta,
1332 3913 1390 3954 et
1420 3906 1665 3956 tandem
1697 3903 2066 3970 Manichaei,
2117 3904 2212 3972 qui
2250 3871 2323 3954 a'b
2363 3920 2464 3956 esu

185 3976 446 4035 carnium
475 3981 532 4025 et
559 3974 826 4042 coniugio
845 3972 1262 4039 abhorrerent,
1301 3981 1359 4023 et
1378 3982 1662 4041 tanquam
1686 3986 1779 4025 res
1800 3973 2073 4042 profanas
2102 3974 2462 4029 damnarent.

188 4047 541 4115 Quanquam
580 4052 773 4095 autem
801 4051 1040 4111 propter
1067 4060 1226 4095 suam
1258 4043 1685 4110 arrogantiam,
1741 4045 1890 4113 quod
1920 4044 2065 4095 alios
2091 4047 2205 4096 suis
2234 4043 2465 4111 placitis

182 4118 464 4166 obnoxios
503 4114 702 4165 facere
745 4113 1047 4179 volebant,
1100 4116 1170 4165 ab
1200 4113 1462 4166 Ecclesia
1492 4114 1729 4166 fiterunt
1758 4115 2080 4181 repudiati.
2132 4129 2228 4166 eos
2266 4122 2464 4165 tamen

177 4188 371 4263 ipsos,
419 4186 516 4254 qui
557 4183 676 4236 illis
713 4184 1083 4250 restiterunt,
1139 4183 1264 4252 plus
1295 4198 1480 4251 aequo
1506 4184 1573 4235 in
1606 4200 1805 4237 eorum
1848 4199 2101 4235 errorem
2143 4180 2463 4238 declinasse

98 4272 153 4291 ‘-
182 4250 435 4312 constat.
504 4254 799 4307 Nolebant
836 4254 1089 4324 quidem
1106 4254 1239 4321 isti,
1291 4268 1434 4322 quos
1472 4252 1636 4320 dico,
1689 4255 1903 4324 Legem
1932 4254 2150 4323 imponi
2181 4252 2461 4304 Christia-

179 4328 305 4380 nis·
356 4325 456 4378 sed
499 4325 726 4377 interea
758 4323 1063 4395 plusquam
1093 4339 1200 4394 par
1227 4331 1377 4375 esset
1399 4323 1812 4407 superstitiosis
1841 4325 2006 4377 obser
2015 4323 2332 4375 sationibus
2362 4323 2465 4372 do-

122 4464 127 4467 ·
178 4396 491 4463 ferebant,
547 4394 728 4467 siquis
773 4397 1002 4467 fugeret
1054 4393 1430 4467 coniugium,
1496 4393 1682 4469 siquis
1736 4409 1972 4450 carnem
2024 4411 2144 4448 non
2171 4401 2488 4469 gustaret

2519 1797 2542 1804 =
