2820 4895
860 226 1010 299 Au
1060 197 1426 304 ἰἰΤιίινι
1497 236 1652 351 ομ».
1692 210 1811 301 ἰιι
1990 328 2001 341 ι
2210 282 2221 289 .
2326 250 2331 257 ·
2403 239 2531 304 359

214 408 277 475 7.
328 404 423 492 Ut
466 400 807 469 iustificati
858 402 1045 471 illius
1096 412 1324 492 gratia
1353 405 1642 471 heredes
1686 385 2106 470 efficeremur
2147 402 2519 473 secundum

215 509 412 576 spem
439 492 616 556 vitae
646 499 979 554 aeternae.

358 609 471 657 Aut
496 605 730 657 verbum
758 606 1080 672 principale
1108 607 1170 656 in
1199 603 1310 656 hac
1338 608 1621 657 sententia
1653 618 1769 674 est,
1811 608 2021 658 Deum
2036 622 2141 657 nos
2169 623 2269 659 sua
2297 597 2517 658 miseri-

211 673 418 726 cordia
446 676 630 727 salvos
657 676 902 740 fecisse,
941 682 1042 727 aut
1068 677 1257 726 oratio
1284 683 1370 726 est
1398 674 1704 727 defectiva.
1773 679 1863 727 Ita
1894 677 2353 728 subaudiendum
2379 680 2514 744 erit,
2552 704 2553 707 ¹

208 752 471 796 mutat-os
496 738 714 797 fuisse
697 762 758 796 ιιι
785 711 1022 813 melius,
1069 761 1361 813 novosque
1390 746 1573 800 factos
1611 747 1786 797 fuisse
1822 744 2121 815 homines,
2161 764 2228 797 ex
2258 765 2373 816 quo
2417 764 2513 798 ec-

209 820 351 866 rum'
380 817 647 868 misertus
678 824 764 867 est
788 818 977 881 Deus,
1032 832 1101 867 ac
1142 819 1190 868 si
1230 817 1478 868 diceret:
1528 814 1694 869 Tunc
1726 819 1995 886 coepistis
2027 814 2259 868 demum
2289 819 2360 869 ab
2394 806 2511 868 illis

209 887 486 953 differre,
525 902 700 957 quum
733 902 829 937 vos
854 887 1012 938 Deus
1042 886 1254 955 Spiritu
1295 903 1395 938 suo
1442 889 1720 955 regenuit.
1794 888 1946 958 Quia
1988 901 2183 939 tamen
2228 888 2291 938 in
2326 889 2514 941 verbis

206 955 378 1009 Pauli
404 965 631 1008 constat
656 958 858 1025 plenus
886 972 1116 1024 sensns,
1156 956 1303 1008 nihil
1332 957 1548 1007 addere
1575 975 1812 1010 necesse
1854 968 1959 1011 est
2032 959 2213 1045 Porro
2260 974 2317 1008 se
2362 959 2515 1009 inter

204 1024 359 1078 alios
387 1038 686 1093 numerat,
725 1043 840 1111 quo
869 1027 1164 1081 efficacior
1187 1029 1262 1078 sit
1293 1025 1639 1080 exhortatio,
1710 1032 1713 1035 “
1939 1056 1946 1062 -
2586 1044 2587 1047 ’

329 1095 403 1150 4.
479 1100 834 1165 Postquam
842 1100 1136 1163 apparuit.
1228 1098 1519 1165 Principio
1563 1098 1775 1166 quaeri
1782 1106 2030 1164 posset,
2074 1108 2175 1146 an
2168 1105 2334 1148 tunc
2374 1112 2510 1146 coe-

208 1165 389 1232 perit
395 1169 757 1217 innotescere
781 1167 999 1217 mundo
1028 1168 1137 1217 Dei
1178 1168 1443 1232 bonitas,
1487 1184 1664 1236 quum
1695 1168 1983 1220 exhibitus
2012 1166 2124 1217 fuit
2152 1166 2414 1218 Christus
2446 1170 2508 1217 in
2538 1179 2554 1199 f

211 1246 416 1289 carne.¹
483 1238 634 1288 Nam
662 1240 817 1287 certe
844 1246 901 1287 et
929 1238 1181 1302 bonum,
1224 1248 1282 1288 et
1299 1233 1686 1305 clementem,
1727 1249 1785 1307 et
1811 1239 1920 1290 sibi
1947 1225 2271 1319 propitium
2294 1238 2364 1288 ab
2399 1237 2515 1287 ini-⁴
2533 1252 2539 1259 ·

205 1307 297 1356 tio
326 1315 629 1357 senserunt
653 1309 858 1371 Patres
885 1317 938 1357 et
972 1309 1192 1373 experti
1229 1318 1379 1375 sunt.
1450 1310 1581 1358 Non
1623 1309 1739 1360 fuit
1778 1306 1958 1379 igitur
1992 1307 2136 1358 haec
2180 1307 2364 1374 prima
2402 1308 2506 1356 bo-

205 1376 426 1428 nitatis
436 1377 780 1445 paternique
810 1393 949 1445 erga
978 1393 1083 1428 nos
1114 1379 1328 1428 amoris
1366 1379 1779 1433 manifestatio.
1832 1381 2150 1447 Responsio
2179 1377 2366 1428 facilis
2397 1382 2504 1443 est,

206 1443 369 1515 quod
407 1464 520 1499 non
560 1448 732 1499 aliter
758 1457 1070 1527 gustarunt
1108 1448 1218 1499 Dei
1257 1449 1582 1501 bonitatem
1612 1452 1812 1501 Patres
1855 1450 1957 1501 sub
1994 1449 2177 1516 Lege,
2234 1464 2406 1516 quam
2448 1451 2510 1498 ιιι·
2549 1456 2552 1460 ’

206 1516 532 1568 Christum
549 1518 950 1584 respiciendo,
1006 1522 1040 1570 8
1087 1519 1247 1568 cuius
1295 1520 1546 1570 adventu
1586 1520 1881 1602 pendebat
1919 1528 2043 1570 tota
2095 1533 2292 1568 eorum
2346 1517 2505 1569 fides
2555 1529 2560 1532 ’

195 1589 300 1638 'Ita
332 1581 550 1641 dicitur
570 1587 905 1656 apparuisse
931 1554 1041 1641 bei
1071 1587 1331 1655 bonitas,
1372 1604 1550 1657 quum
1583 1593 1702 1641 eius·
1739 1592 1950 1658 pignus
1988 1587 2281 1653 exhibuit,
2335 1605 2405 1639 ac
2442 1604 2507 1638 ie
2546 1654 2547 1657 Ἴ

201 1657 336 1740 ipsa
364 1659 795 1738 comprobavit,
835 1677 895 1709 se
921 1674 1038 1710 non
1071 1657 1286 1710 frustra
1314 1659 1490 1711 toties
1515 1658 1845 1713 hominibus
1872 1661 2144 1712 salutem
2167 1668 2286 1708 esse
2326 1658 2504 1739 polli-

203 1729 407 1782 citum.
480 1724 575 1782 Sic
602 1731 757 1780 Deus
781 1729 979 1780 dilexit
995 1729 1285 1782 mundum
1325 1730 1540 1798 (inquit
1569 1729 1861 1796 ΙοΙι8ιι.3,
1898 1732 2006 1796 16.)
2045 1728 2105 1779 u't
2130 1728 2340 1781 Filium
2370 1728 2506 1780 uni-e

205 1798 488 1881 genitum
518 1790 788 1851 traderet.
860 1799 1011 1851 Alibi
1047 1800 1243 1868 (Rom.
1268 1801 1321 1865 5,
1352 1800 1430 1864 8.)
1473 1800 1651 1852 etiam
1686 1800 1928 1852 Paulusi
1985 1798 2314 1851 Confirmat
2349 1801 2506 1853 Deus

204 1869 540 1921 caritatem
544 1882 710 1921 suam
741 1883 889 1951 erga·
908 1884 1012 1920 nos
1032 1907 1048 1934 ,
1089 1868 1263 1939 quod,
1307 1885 1491 1936 quum
1521 1870 1777 1923 inimiei
1790 1874 2060 1933 essemus,
2096 1869 2308 1921 Filium
2339 1882 2504 1921 suum

204 1936 369 1990 misit
406 1948 544 1992 etc.
605 1942 765 1991 Haec
805 1939 1021 1992 usitata
1061 1948 1147 1990 est
1187 1941 1467 2007 loquendi
1506 1943 1658 1992 ratio
1699 1942 1763 1993 in
1805 1939 2152 2008 Scripturis,
2209 1940 2363 2009 quod
2402 1956 2509 2008 per

209 2007 429 2060 Christi
468 2019 719 2063 mortem
765 2010 1176 2061 reconciliatus
1210 2009 1326 2065 fuit
1370 2010 1618 2062 mundus
1646 2014 1809 2077 Deo,
1861 2020 2045 2080 quem·
2070 2018 2267 2060 tamen
2302 2024 2517 2073 saecu»,

180 2078 304 2130 lis
316 2078 581 2132 omnibus
623 2080 846 2132 scimus
875 2079 1195 2148 benignum
1242 2079 1422 2132 fuisse
1460 2084 1712 2134 Patrem.
1810 2080 1920 2131 Sed
1965 2080 2125 2162 qui—a
2124 2080 2322 2131 divini
2363 2092 2502 2163 erga

200 2165 312 2201 nos
341 2151 556 2225 amoris
588 2164 824 2202 causam
858 2158 916 2200 et
947 2151 1249 2202 materiam
1288 2149 1490 2202 salutis
1521 2161 1754 2204 nostrae
1787 2151 2021 2202 nonnisi
2057 2149 2118 2200 in
2146 2148 2423 2208 Christo
2406 2169 2502 2201 m·-

133 2274 142 2282 .
199 2216 512 2286 venimus,
549 2238 666 2271 non
706 2221 808 2271 abs
849 2236 915 2270 re
955 2220 1169 2273 dicitur
1195 2222 1347 2272 Deus
1380 2222 1554 2272 Pater
1583 2223 1907 2274 bonitatem
1941 2236 2103 2272 suam
2142 2221 2202 2270 in
2236 2237 2303 2271 eo
2336 2221 2502 2272 nobis

187 2290 543 2342 'ostendissffl
619 2293 970 2360 Quanquam
1005 2291 1118 2342 alia
1162 2299 1247 2342 est
1277 2289 1399 2340 loci
1439 2291 1612 2344 huius
1652 2293 1833 2356 ratio,
1896 2292 1994 2343 ubi
2024 2289 2234 2343 Paulus
2278 2307 2393 2341 non
2434 2291 2504 2343 de

202 2362 526 2413 communi
543 2359 645 2412 1118
692 2360 903 2413 Christi
942 2355 1416 2413 manifestatione
1455 2363 1742 2430 loquitur,
1797 2377 1971 2431 quum
2016 2360 2192 2411 homo
2237 2361 2295 2411 in
2339 2376 2506 2414 mun—

202 2430 345 2485 dum
379 2428 630 2515 prodiit,
680 2432 780 2484 sed
812 2431 883 2483 de
913 2431 1423 2497 manifestatione,
1476 2450 1624 2502 quae
1653 2435 1722 2487 fit
1763 2447 1885 2499 per
1894 2431 2314 2515 Evangelium,
2365 2432 2502 2485 duih

200 2519 264 2554 se
316 2501 694 2570 peculiariter
745 2502 945 2553 electis
991 2504 1164 2579 offert
1216 2517 1288 2554 ac
1328 2505 1630 2570 patefacit.
1724 2502 1929 2585 Neque
1970 2503 2127 2555 enim
2158 2501 2363 2569 priore
2399 2503 2501 2555 illo
2582 2560 2587 2564 ,

204 2572 425 2625 Christi
464 2573 715 2625 adventu
757 2579 1065 2625 renovatus
1109 2555 1223 2624 fuit
1246 2573 1489 2640 Paulus,
1525 2576 1647 2626 imo
1689 2572 1963 2625 Christus
2002 2581 2394 2624 resurrexerat
2435 2573 2499 2624 in
2547 2617 2550 2621 .
2586 2615 2589 2620 .

175 2643 489 2711 gloriam,
529 2644 684 2695 salus
723 2643 784 2694 in
824 2644 1066 2694 nomine
1096 2643 1276 2711 ipsius
1311 2643 1582 2710 plurimis
1608 2660 1726 2695 non
1753 2645 1816 2695 in
1834 2644 2054 2695 Iudaea
2080 2650 2357 2709 tantum,
2398 2644 2497 2695 sed

128 2743 134 2746 <
198 2729 307 2781 per
342 2713 578 2765 vicinas
595 2714 863 2783 regiones
901 2714 1235 2780 affulserat,
1287 2727 1467 2781 quum
1497 2715 1706 2767 Paulus
1746 2713 2096 2766 infidelitate
2130 2721 2336 2764 caecus
2367 2727 2497 2781 gra

197 2783 350 2835 tiam
386 2783 543 2835 hanc
569 2784 759 2836 modis
788 2784 1064 2837 omnibus
1087 2784 1593 2850 exstinguendam
1607 2785 1864 2836 curabat.
1940 2787 2093 2853 Ergo
2131 2787 2272 2834 t‘unc
2302 2783 2408 2834 sibi
2442 2791 2499 2835 et

201 2853 334 2906 ‘aliis
365 2856 702 2922 'apparuisse
726 2854 836 2907 Dei
876 2855 1128 2936 gratiam
1162 2852 1466 2921 intelligit,
1506 2856 1640 2907 dum
1679 2853 1992 2905 illuminati
2034 2863 2188 2905 sunt·
2212 2854 2272 2905 in
2302 2856 2495 2905 Evan'

179 2923 350 2992 getii
368 2924 658 2982 notitiam,
728 2927 853 2977 Nec
885 2941 1020 2976 vero
1046 2925 1216 2977 aliter
1247 2925 1562 2992 quadraret
1591 2924 1961 2993 applicatiO,
1979 2926 2143 3006 quia
2158 2940 2276 2976 non
2317 2924 2495 2975 indif-

198 2993 460 3046 ferenter
495 2995 576 3046 de
601 3002 737 3047 suae
777 2995 987 3047 aetatis
1018 2991 1352 3046 hominibus
1394 2996 1552 3063 agit,
1601 2996 1701 3050 sed
1751 2994 1986 3062 proprie
2022 2995 2336 3063 compellat
2377 3011 2517 3061 eos„

198 3063 302 3134 q‘ui
317 3059 607 3133 segregati
638 3073 807 3122 erant
846 3083 916 3116 ex
942 3065 1169 3134 reliquo
1196 3067 1470 3130 numero,
1512 3082 1582 3117 ac
1625 3068 1673 3117 si
1714 3064 1983 3132 dixisset,
2019 3066 2160 3116 olim
2204 3065 2380 3117 fuisse
2421 3066 2495 3116 si-

195 3127 368 3194 miles
403 3136 745 3201 incredulis,
798 3137 920 3205 q‘ui
947 3135 1136 3187 adhuc
1178 3136 1238 3187 in
1284 3136 1541 3187 tenebris
1583 3136 1830 3188 demersi
1879 3144 2042 3201 sunt3
2096 3152 2252 3186 nunc
2294 3143 2490 3187 autem

197 3211 320 3257 non
348 3206 589 3273 'proprio
622 3207 865 3269 merito,
908 3208 1016 3257 sed
1029 3206 1156 3262 Dei
1192 3205 1382 3275 giatia
1421 3205 1493 3257 ab
1535 3203 1651 3258 illis
1694 3206 1965 3270 differre,
2007 3205 2496 3287 quemadmodum

197 3276 274 3328 ad
297 3276 566 3336 Corinth.
591 3277 644 3342 4,
675 3277 725 3328 7.
763 3245 966 3328 eadem
996 3278 1229 3328 ratione
1270 3277 1671 3343 arrogantiam
1715 3292 1950 3327 omnem
1988 3279 2176 3333 carnis
2211 3276 2490 3342 retundit.

201 3344 347 3416 Quis
377 3346 535 3404 en'im
556 3356 614 3397 te
643 3346 953 3412 discernit,
995 3348 1082 3398 vel
1103 3346 1310 3398 reddit
1337 3345 1467 3397 aliis
1494 3344 2027 3418 praestantiorem?
2160 3349 2408 3397 Bonitas
2441 3362 2491 3402 et

200 3425 384 3469 amor.
457 3417 789 3469 Bonitatem
816 3417 1010 3485 priore
1041 3417 1170 3468 loc'o
1199 3425 1361 3468 recte
1389 3419 1579 3485 posuij
1598 3455 1614 3483 ‚
1657 3423 1803 3487 quae
1829 3419 2020 3469 Deum
2050 3416 2123 3467 ad
2154 3418 2257 3476 nos
2293 3429 2495 3465 8ιιι8ιι-

199 3484 304 3535 dos
331 3484 592 3542 inclinat.
666 3488 754 3538 Ne
800 3504 870 3537 ue
898 3490 1055 3538 enim
1080 3487 1145 3538 in
1171 3488 1337 3539 nobis
1364 3486 1654 3569 inveniet,
1697 3487 1852 3556 quod
1886 3499 2095 3543 amare
2114 3484 2353 3544 debean
2394 3473 2495 3534 sed

193 3554 330 3606 ideo
359 3566 553 3623 amat,
592 3558 728 3628 quia
812 3574 954 3608 onus
1000 3565 1087 3610 est
1131 3563 1187 3609 et
1214 3559 1565 3609 misericors.
1643 3560 1952 3611 Caeterum
1994 3566 2285 3624 utcunque
2325 3569 2504 3605 suam

197 3626 469 3679 omnibus
502 3628 828 3678 honitatem
860 3636 916 3678 et
948 3627 1315 3679 dilectionem
1351 3635 1627 3692 testetur,
1669 3643 1787 3678 non
1828 3634 2026 3692 tamen
2063 3629 2187 3676 eam
2231 3625 2491 3690 agnosci*-

197 3710 339 3746 mus
364 3697 473 3749 nisi
506 3697 656 3763 fide,
700 3697 835 3748 dum
864 3714 925 3748 se
952 3698 1011 3749 in
1041 3697 1273 3750 Christo
1305 3700 1537 3749 Patrem
1568 3699 1847 3756 declarat,
1921 3695 2244 3746 Fruebatur
2259 3694 2509 3759 Paulus„¹

195 3773 515 3833 antequam
545 3767 783 3819 vocatus
825 3777 976 3824 esset
1016 3767 1088 3818 ad
1115 3768 1294 3819 fidem
1309 3767 1573 3835 Christi,
1613 3753 1937 3818 innumeris
1964 3765 2075 3816 Dei
2105 3763 2319 3831 bonis,
2344 3777 2490 3834 quae

191 3839 475 3906 paternae
493 3839 608 3891 Dei
639 3838 985 3896 clementiae
1012 3848 1243 3912 gustum
1275 3837 1360 3889 illi
1391 3838 1531 3889 dare
1559 3846 1863 3922 poterant,
1916 3834 2174 3886 eruditus
2218 3835 2412 3885 fuerat
2456 3850 2490 3885 a

192 3920 377 3974 puero
407 3917 514 3974 per
537 3909 703 3976 Legis
744 3908 1099 3970 doctrinam3
1148 3911 1305 3959 errat
1341 3917 1538 3959 tamen
1582 3909 1642 3959 in
1683 3872 1972 3969 teneb’ris,
2023 3921 2096 3956 ne
2136 3906 2349 3957 sentiat
2374 3903 2489 3957 Dei

190 3976 549 4043 bonitatem,
607 3978 793 4031 donec
832 3978 1075 4046 Spiritus
1123 3987 1381 4030 mentem
1422 3978 1543 4030 eius
1583 3978 1868 4044 illustret,
1920 3983 2096 4043 atque
2135 3975 2487 4027 interveniat

196 4045 465 4112 Christus
492 4048 656 4101 testis
678 4065 747 4102 ac
778 4063 1021 4115 sponsor
1047 4049 1272 4117 gratiae
1295 4047 1415 4100 Det
1435 4049 1650 4114 Patris,
1691 4065 1725 4098 a
1751 4064 1900 4115 qua,
1939 4045 2064 4096 sine
2092 4044 2256 4114 ipsu,
2296 4057 2489 4095 sumus

194 4115 396 4168 omnes
425 4117 615 4174 alieni.
683 4122 772 4170 Ita
795 4118 1227 4171 humanitatem
1254 4118 1361 4171 Dei
1396 4119 1626 4178 nonnisi
1663 4118 1805 4169 fidei
1842 4117 1972 4167 luce
2010 4116 2367 4184 patefactam
2398 4115 2486 4166 in·

191 4186 429 4309 muz?
456 4253 612 4307 Non
633 4276 701 4309 ex
738 4258 1023 4328 operibus.
1098 4257 1546 4310 Meminerimus
1583 4255 1831 4309 Paulum
1873 4254 1972 4306 hic
2014 4265 2346 4305 sermonem
2383 4250 2484 4301 ha·
2492 4247 2497 4251 ’

193 4327 333 4378 here
368 4326 445 4379 ad
484 4325 720 4410 fideles,
771 4344 842 4379 ac
884 4325 1142 4379 modum
1161 4327 1516 4393 describere,
1569 4343 1681 4395 quo
1721 4327 1783 4377 ιιι
1817 4339 2062 4393 regnum
2094 4323 2208 4375 Dei
2245 4320 2501 4390 ingressi

193 4400 329 4450 sint.
429 4396 621 4467 Negat
669 4401 777 4452 'eos
835 4396 1149 4467 quicquam
1196 4397 1465 4468 operibus
1506 4396 1685 4451 fuisse
1732 4394 2111 4465 promeritos,
2177 4399 2242 4444 ut
2291 4388 2493 4444 salutis
2578 4403 2583 4410 ’

1100 4549 1110 4602 1
