2820 4895
1985 82 2014 101 Ὦ

360 231 503 329 276
620 351 625 362 ,
868 327 873 332 ,
928 259 1037 330 m
1082 201 1710 332 ,ae—ss'ronass
1759 207 2090 331 emm

352 427 709 505 praecipit!
747 431 1000 483 Temere
1022 429 1225 501 itaque
1241 469 1258 499 ,
1299 432 1567 511 adeoque
1592 428 1923 484 crudeliter
1946 432 2232 501 laqueum
2252 429 2536 485 iniiciunt
2560 436 2650 485 te-

364 503 526 556 neris
559 501 749 554 adhuc
778 500 990 569 puellis
1008 536 1025 564 ‚
1074 516 1224 579 quae
1248 500 1530 567 coningio
1559 501 1800 553 futurae
1824 512 1993 553 eraut
2027 502 2311 568 aptiores.
2468 500 2652 568 Quum

368 573 520 628 enim
562 571 856 622 lascivire.
939 568 1239 624 Lascivire
1267 586 1363 621 eas
1394 569 1678 630 adversus
1713 568 2014 621 Christum
2042 570 2219 637 dicit,
2274 569 2423 639 quae
2452 570 2653 621 condi-

366 641 587 706 tionis,
639 638 711 689 ad
750 647 1211 708 quam.vocatae
1250 645 1424 702 sunt,
1473 637 1726 702 oblitae,
1777 638 2029 690 hilarius
2057 656 2234 708 quam
2266 640 2440 692 decet
2466 639 2654 692 exsul-

367 719 543 762 tant.·
576 707 934 760 ,Debuerant
975 705 1138 758 enim
1177 719 1238 758 se
1281 704 1598 759 continere
1639 708 1744 759 sub
1788 707 2117 759 modestiae
2154 707 2333 776 iugo,
2369 718 2436 760 ut
2464 706 2657 775 gravi-

368 780 483 836 bus,
521 774 810 836 matronis
865 774 1108 844 dignum
1161 784 1274 827 est.
1358 773 1617 827 Proinde
1657 775 1902 827 mollior
1943 787 2003 827 et
2036 774 2295 828 solutior
2334 778 2455 831 vita
2490 776 2657 845 quasi

370 844 738 905 lasciviasest
768 845 1045 902 adversus
1068 843 1396 909 Christum,
1433 846 1532 895 cui
1565 843 1745 896 fidem
1770 860 1937 896 suam
1963 846 2423 906 obstrinxerant.
2498 847 2657 914 Quo-

338 943 339 948 =
370 917 527 969 niam
557 913 782 982 aliquot
811 912 1098 968 eiusmodi
1130 913 1397 979 exempla
1423 913 1654 964 viderat
1687 913 1903 966 Paulus
1923 914 2240 982 ,·generali
2268 914 2531 966 remedio
2561 930 2659 965 oc-

373 983 597 1049 currit,
633 998 831 1051 nequa
855 982 1216 1048 recipiatur,
1254 997 1431 1050 quam
1459 982 1670 1032 aetatis
1697 984 1847 1032 ratio
1875 999 2139 1049 unquam
2166 982 2494 1034 sollicitare
2526 1000 2660 1050 pos-

374 1052 451 1114 sit
483 1053 551 1103 ad
581 1049 846 1103 nubendi
875 1050 1220 1117 appetitum.
1293 1052 1451 1119 Quot
1477 1047 1847 1117 flagitiorum
1875 1059 2133 1102 monstra
2164 1051 2432 1120 quotidie
2458 1050 2523 1101 in
2553 1043 2659 1102 1³·-

370 1129 521 1190 patu
550 1129 790 1172 coactus
817 1117 923 1170 ille
952 1117 1298 1170 monialium
1330 1119 1659 1170 caelibatus
1690 1119 1890 1187 parit?
1943 1136 2089 1188 quae
2118 1120 2376 1172 claustra
2408 1137 2535 1171 non
2565 1136 2661 1171 re-

288 1235 289 1244 ,
371 1189 595 1257 fringit
621 1186 848 1239 libido?
921 1188 1085 1254 Ergo
1120 1186 1349 1239 etiamsi
1381 1204 1476 1239 res
1505 1188 1673 1239 initio
1701 1187 2057 1255 placuisset:
2108 1197 2198 1239 tot
2240 1198 2437 1241 tamen
2480 1198 2660 1257 atquc

314 1271 317 1276 “
371 1269 500 1312 tam
530 1257 809 1325 gravibus
839 1256 1263 1326 experimentis
1295 1256 1488 1307 edocti
1516 1255 1831 1325 aliquando
1868 1257 2034 1308 Pauli
2064 1257 2321 1308 consilio
2357 1260 2661 1327 obtempe-

372 1345 507 1382 rare
539 1327 886 1379 debuerant.
963 1324 1141 1395 Atqui
1184 1326 1300 1376 hoc
1342 1325 1488 1377 adeo
1531 1340 1648 1376 non
1688 1324 1953 1389 faciunt,
1999 1333 2063 1378 ut
2101 1326 2162 1377 in
2202 1325 2326 1376 dies
2362 1328 2548 1393 magis
2592 1342 2662 1378 ae
2725 1390 2728 1395 ,

372 1397 563 1463 magis
593 1395 746 1445 iram
775 1393 888 1445 Dei
917 1410 1024 1444 sua
1053 1393 1458 1444 obstinatione
1487 1405 1836 1460 provocent.
1924 1395 2047 1445 Nec
2089 1395 2159 1446 de
2202 1394 2346 1446 solis
2385 1393 2663 1447 moniali-

372 1467 483 1519 bus
514 1466 763 1532 loquor:
808 1463 879 1515 ad
920 1473 1274 1527 perpetuum
1318 1461 1671 1514 caelibatum
1709 1464 2041 1524 sacerdotes
2083 1480 2319 1532 quoque
2358 1474 2418 1516 et
2456 1480 2663 1516 mona-

376 1535 520 1587 chos
564 1542 804 1601 coguut.
902 1531 1216 1583 Ebulliunt
1256 1531 1489 1582 interea
1530 1530 1741 1582 foedae
1781 1531 2095 1597 libidines,
2129 1543 2218 1594 ,ut
2262 1532 2357 1585 vix
2397 1534 2662 1586 decimus

378 1603 625 1673 quisque
672 1610 828 1652 caste
866 1600 1201 1652 sehabeat.
1288 1603 1355 1651 In
1383 1599 1758 1652 monasteriis
1792 1610 1992 1651 autem
2022 1601 2325 1654 minimum
2366 1603 2663 1654 malorum

376 1680 466 1725 est
507 1669 768 1737 vulgaris
806 1670 1107 1721 scortatio,
1181 1668 1237 1719 Si
1272 1671 1466 1721 Deum
1502 1685 1609 1736 per
1650 1685 1712 1719 os
1756 1669 1924 1722 Pauli
1964 1670 2309 1738 loquentem
2354 1671 2561 1722 audire
2600 1672 2667 1736 in

380 1741 638 1793 animum
664 1738 1045 1803 inducerent,
1083 1754 1212 1790 mox
1245 1737 1642 1805 confugerent
1670 1737 1743 1788 ad
1770 1739 1883 1789 hoe
1915 1735 2265 1804 remedium,
2305 1740 2463 1807 quod
2491 1758 2664 1808 prae·

381 1808 612 1861 scribit.
646 1808 766 1864 ,sed
806 1816 970 1858 tanta
1011 1816 1098 1859 est
1137 1807 1441 1874 superbia,
1488 1816 1552 1857 ut
1590 1806 1813 1857 furiose
1851 1819 2285 1876 persequantur
2318 1809 2663 1877 quicunque

376 1880 495 1930 huc
526 1893 628 1928 eos
659 1883 993 1927 revocant.³
1033 1876 1231 1943 Aliqui
1268 1874 1624 1942 particulam
1660 1875 1941 1925 Adversus
1978 1877 2266 1928 Christum
2304 1869 2666 1947 coniungunt

368 1965 516 1999 *cum
548 1946 730 1996 v‘erbo
762 1946 1046 1997 Nubendi.
1098 1944 1255 2013 quod
1285 1944 1519 1995 tametsi
1549 1944 1619 1994 ad
1649 1943 1818 1996 Pauli
1847 1956 2261 2007 mentem⁴non
2287 1946 2545 2010 multum
2574 1964 2664 1999 re-

384 2017 537 2068 fert:
585 2015 752 2083 prior
779 2023 978 2065 tamen
1012 2030 1212 2064 sensus
1244 2022 1335 2064 est
1365 2012 1754 2079 probabilior.

516 2083 599 2135 12.
670 2082 956 2140 Habentes
985 2084 1538 2133 condemnationem.
1623 2081 1858 2133 Habere
1887 2081 2538 2152 damnationemfaliqui
2570 2100 2663 2135 ex·

375 2163 602 2223 ponunt
629 2151 1169 2218 Reprehensionem
1210 2151 1446 2202 mereri.
1533 2151 1653 2217 Ego
1695 2158 1893 2203 tamen
1933 2149 2198 2204 'severius
2242 2152 2469 2204 dictum
2502 2151 2662 2204 acci-

374 2224 509 2292 pio,
561 2231 628 2274 ut
665 2229 943 2270 aeternae
983 2221 1193 2272 mortis
1237 2218 1611 2272 damnatione
1658 2235 1751 2270 eas
1791 2230 2015 2272 terreat
2055 2222 2299 2272 Paulus:
2353 2238 2421 2272 ac
2459 2221 2506 2272 si
2551 2222 2664 2273 hoe

350 2289 1098 2361 l-ips'umreprehendereffi
1148 2287 1434 2340 eximium
1462 2288 1631 2339 illum
1663 2288 1961 2354 ordinem,
2018 2289 2118 2358 qui
2157 2290 2398 2357 propius
2426 2290 2668 2354 Christo¹

378 2360 550 2413 uni-re
592 2359 909 2422 debuerat,
962 2356 1512 2408 illis-damnationis
1544 2373 1667 2408 esse
1698 2360 2026 2408 materiam.
2113 2359 2188 2409 Et
2220 2361 2374 2408 ratio
2404 2359 2663 2422 additur,

375 2429 516 2499 quia
548 2445 579 2479 a
606 2428 719 2478 fide
738 2426 1029 2495 Baptismi
1060 2434 1119 2489 et
1146 2425 1600 2479 Christianismo
1632 2442 1873 2494 prorsus
1906 2426 2202 2480 deficiant.
2273 2427 2403 2480 Scio
2434 2428 2504 2478 ab
2537 2426 2665 2478 aliis

378 2514 557 2555 secus
578 2496 870 2566 intelligi,
894 2514 1119 2563 „nempe
1151 2495 1306 2563 quod
1333 2495 1544 2561 fallant
1570 2494 1764 2546 datam
1797 2484 2099 2546 Ecclesiae
2126 2496 2325 2562 fidem,
2365 2496 2664 2560 nubendo,

380 2585 564 2638 quum
605 2566 764 2632 prius
800 2575 989 2617 essent
1030 2564 1344 2632 pollicitae
1383 2580 1446 2613 se
1488 2565 1558 2615 ad
1598 2575 1846 2616 mortem
1882 2583 2061 2632 usque
2088 2565 2663 2617 caelibesvicturas:

376 2637 539 2707 quod
565 2635 747 2686 nimis
778 2644 864 2685 est
890 2635 1192 2701 frigidum.
1249 2632 1456 2684 deinde
1487 2649 1595 2691 cur
1623 2643 1864 2684 vocaret
1892 2637 2139 2699 primam
2159 2635 2389 2700 fidem?
2474 2635 2664 2685 Vehe-

366 2707 634 2759 fa'nentius
664 2706 866 2773 itaque
889 2703 1144 2770 insurgit
1175 2701 1424 2766 Paulus,
1463 2710 1522 2752 et
1549 2702 1689 2753 mali
1716 2704 2070 2770 gravitatem
2101 2702 2458 2769 amplificat,
2505 2700 2663 2772 quod

360 2772 497 2831 ¹,non
542 2784 773 2826 tantum
813 2774 1138 2839 ignominia
1171 2770 1471 2822 Christum
1501 2779 1561 2821 et
1590 2771 1909 2822 Ecclesiam
1940 2772 2250 2822 afficerent
2277 2770 2605 2823 resiliendo
2632 2787 2667 2822 a

374 2852 655 2910 suscepta
680 2843 1060 2906 conditione,
1097 2841 1199 2893 sed
1234 2839 1490 2907 prima'm
1516 2835 1745 2908 quoque
1770 2841 1946 2891 fidem
1968 2839 2148 2904 impia
2181 2840 2517 2892 defectione
2557 2840 2667 2890 fal·

374 2913 602 2971 ,lerant-
685 2913 779 2962 Ita
824 2912 975 2962 enim
1018 2909 1156 2963 fieri
1197 2909 1382 2975 solet,
1428 2918 1526 2972 ut,
1568 2911 1666 2977 qui
1687 2909 1877 2960 'semel
1906 2908 2148 2976 pudoris
2177 2909 2324 2960 fines
2353 2908 2663 2973 transiliit,

380 2983 452 3037 ad
492 2994 727 3032 omnem
772 2980 1203 3045 impudentiam
1241 2996 1302 3029 se
1348 2977 1690 3045 prostituat.
1777 2979 1933 3029 Male
1960 2994 2058 3028 eas
2087 2978 2371 3037 habebat,
2411 2978 2666 3045 probro-

368 3067 506 3109 aam
546 3067 679 3100 esse
722 3066 885 3100 suam
921 3048 1227 3119 levitatem
1265 3047 1421 3115 apud
1462 3047 1622 3115 pios,
1685 3055 1744 3097 et
1778 3063 1943 3098 suam
1989 3046 2355 3103 salacitatem
2393 3042 2665 3113 reprimi,

376 3128 485 3172 aut
530 3119 745 3169 saltem
787 3117 1222 3184 vituperationi
1267 3134 1392 3167 esse
1438 3115 1770 3166 obnoxiam.
1859 3117 2018 3166 Haec
2047 3115 2166 3165 illis
2199 3114 2536 3182 protervius
2577 3132 2669 3166 ex·

372 3186 643 3242 saltandi
679 3196 808 3237 erat
848 3186 1118 3250 occasio,
1191 3185 1380 3236 donec
1420 3183 1942 3241 Christianismum
1977 3184 2325 3235 abiicerent.
2419 3184 2667 3250 Optime

335 3293 337 3296 ι
379 3257 631 3326 quadrat
670 3256 788 3307 ista
846 3253 1251 3321 amplificatio.
1317 3254 1456 3321 quid
1510 3255 1665 3305 enim
1716 3252 1912 3322 magis
1953 3254 2268 3304 absurdum
2309 3269 2478 3322 quam
2525 3253 2670 3304 dum

381 3325 652 3377 volumus
694 3323 962 3388 persenis
1005 3321 1348 3382 consulere,
1417 3323 1654 3373 ianuam
1698 3323 1942 3390 aperire
1971 3321 2194 3373 Christi
2241 3318 2668 3390 abnegationi?

348 3458 349 3461 Ἴ
383 3393 556 3463 Quod
597 3401 796 3446 votum
836 3390 1120 3459 perpetui
1163 3392 1492 3442 caelibatus
1517 3390 1661 3440 hinc
1686 3388 1953 3441 stabilire
1979 3391 2186 3442 volunt
2207 3392 2507 3457 ,Papistae,
2558 3388 2671 3441 fri-

382 3463 581 3513 volum
617 3469 725 3513 est..
799 3461 876 3511 Ut
906 3459 1106 3510 demus
1133 3460 1374 3510 solitam
1413 3460 1593 3510 fuisse
1630 3459 1859 3517 disertis
1905 3461 2097 3511 verbis
2135 3458 2440 3526 interponi
2481 3459 2671 3510 talem

383 3530 752 3597 pactionem:
787 3528 876 3580 eid
914 3537 1113 3579 tamen
1158 3527 1316 3578 nihil
1359 3528 1432 3577 ad
1469 3526 1649 3593 ipsos.
1745 3527 2008 3579 Primum
2059 3528 2510 3579 considerandus
2549 3527 2674 3578 ‘est

381 3598 539 3651 finis.
580 3614 702 3648 non
728 3596 860 3648 ideo
893 3597 1148 3648 caelibes
1179 3597 1397 3647 se'fore
1428 3597 1854 3664 promittebant
1880 3597 2026 3648 olim
2057 3591 2286 3661 viduae,
2326 3605 2390 3648 ut
2416 3596 2672 3655 sanctio·

381 3684 509 3731 rem
537 3675 784 3734 agerent
815 3667 988 3716 vitam
1017 3670 1191 3733 quam
1217 3665 1280 3714 in
1313 3666 1627 3733 coniugio:
1664 3667 1763 3729 sed
1792 3666 1944 3734 quod
1972 3674 2093 3716 non
2121 3674 2404 3735 poterant
2432 3662 2672 3717 maritis

384 3743 445 3789 et
471 3735 774 3787 Ecclesiae
811 3733 989 3786 simul
1029 3751 1157 3785 esse
1201 3733 1494 3785 addictae.
1548 3734 1655 3785 sub
1686 3732 1910 3801 Papatu
1946 3744 2146 3786 autem
2183 3733 2434 3786 vovetur
2469 3731 2673 3784 conti-

383 3804 626 3868 nentia,
674 3803 838 3872 quasi
868 3803 1053 3854 virtus
1083 3819 1192 3870 per
1219 3820 1284 3852 se
1315 3812 1557 3870 accepta
1587 3812 1743 3853 esset
1769 3804 1912 3855 Deo.
1999 3803 2235 3855 Deinde
2277 3819 2342 3854 ea
2379 3811 2572 3854 aetate
2609 3816 2673 3853 ιο

386 3872 748 3926 abdicabant
772 3882 913 3924 tune
941 3871 1201 3924 nubendi
1231 3872 1525 3932 libertate,
1566 3889 1679 3940 qua
1704 3871 2002 3924 desierant
2032 3889 2161 3923 esse
2187 3871 2441 3925 nubiles.
2493 3873 2670 3925 Sexa-

372 3942 659 4009 genarias
690 3942 842 3993 enim
868 3941 939 3991 ad
968 3940 1285 3992 minimum
1318 3957 1441 3992 esse
1471 3940 1820 4007 oportebat,
1876 3950 1936 3991 et
1964 3957 2123 4009 quae⁴
2143 3941 2318 3993 unico
2354 3939 2670 3996 matrimo-

372 4010 484 4068 ,nio
529 4019 847 4067 contentae
883 4009 1179 4075 specimen
1219 4009 1341 4063 iam
1379 4009 1669 4060 castitatis
1711 4025 1853 4060 suae
1897 4008 2211 4071 dedissent.
2269 4027 2426 4065 nunc
2466 4016 2669 4061 autem

384 4089 522 4130 vota
557 4082 615 4130 in
640 4081 754 4131 hoc
786 4077 1038 4129 eduntur
1063 4078 1215 4144 apud
1243 4078 1539 4143 Papistas‚
1578 4087 1647 4129 ut
1674 4076 1967 4146 coniugiis
1995 4078 2090 4129 vel
2120 4088 2260 4130 ante
2285 4088 2536 4146 tempus,
2572 4074 2673 4129 vel

382 4147 450 4201 in
480 4148 674 4200 medio
706 4145 921 4201 aetatis
946 4146 1182 4207 serv-ore
1214 4147 1572 4198 renuntient.
1650 4145 1894 4198 Duabus
1922 4156 2121 4198 autem
2147 4148 2402 4200 maxime
2430 4149 2501 4198 de
2527 4162 2671 4197 cau·

384 4217 466 4279 sis
500 4216 869 4285 tyrannicam
902 4215 973 4265 de
1014 4214 1316 4265 caelibatu
1358 4215 1555 4282 legem
1597 4213 2034 4281 improbamus:
2091 4218 2251 4285 quod
2276 4215 2512 4283 scilicet
2537 4213 2671 4266 cul-

383 4297 510 4339 tum
544 4304 680 4338 -esse
720 4285 952 4352 fingunt
995 4285 1353 4348 coramDeo
1394 4281 1805 4344 meritorium,
1858 4295 1914 4334 et
1953 4287 2108 4352 quod
2145 4284 2398 4337 vovendi
2424 4281 2669 4336 temeri-

382 4363 506 4406 tate
552 4354 948 4424 praecipitant
982 4353 1208 4404 animas
1251 4353 1314 4402 in
1355 4351 1618 4403 exitium.
1702 4353 1994 4404 Neutrum
2028 4355 2241 4405 eratin
2276 4353 2467 4405 veteri
2494 4349 2669 4402 insti·

374 4430 536 4478 tuto.
584 4440 708 4475 non
752 4421 1004 4474 edebant
1044 4422 1334 4477 directum
1379 4421 1786 4474 continentiae
1827 4431 2058 4489 votum,
2084 4421 2275 4513 ,quasi
2312 4425 2505 4475 minus
2531 4420 2666 4472 Deo
