2820 4895
1669 109 1679 134 ι

583 145 592 180 l

678 257 1668 353 AD-fcoLossENssss
1733 282 1892 350 cn.
1935 284 2050 350 iv,
2253 325 2271 342 ff
2333 252 2534 353 '363‘

356 456 411 511 θ’.
468 455 682 518 ,Sermo
707 466 913 508 vester.
955 489 966 512 s
994 449 1271 522 Requirit
1294 450 1585 505 sermonis
1612 450 1959 505 suavitatem
1978 493 1995 520 ‚
2031 469 2183 523 quae
2208 469 2311 506 sua
2336 449 2502 507 utili—

212 532 348 580 tate
387 524 617 580 alliciat
655 525 973 578 auditores.
1020 538 1216 590 neque
1255 521 1413 574 enim
1449 538 1752 594 sermones
1796 530 2027 574 tantum
2061 523 2254 589 palam
2276 523 2501 591 impro—

211 596 329 649 bos
371 603 473 648 aut
511 594 728 657 impios
766 593 1004 645 damnat
1023 629 1040 656 ,
1087 589 1187 643 sed
1215 592 1399 642 etiam
1421 588 1594 641 nihili
1623 600 1684 641 et
1714 590 1963 642 otiosos.
2038 591 2180 644 Ideo
2207 590 2330 654 sale
2362 609 2504 644 con-

212 663 378 716 ditos
405 680 534 715 esse
560 663 747 716 iubet.
817 662 1052 713 Habent
1079 675 1212 710 suos
1240 658 1393 712 sales
1417 659 1655 732 profani
1679 658 1968 725 homines,
2002 659 2103 711 sed
2132 659 2203 712 de
2230 658 2351 711 illis
2379 677 2501 714 non

213 730 527 813 loquitur:
574 732 698 783 imo
744 730 880 799 quia
917 727 1264 796 plausibiles
1304 736 1481 794 sunt,
1517 743 1586 779 ac
1616 727 1881 779 favorem
1914 736 1981 779 ut
2009 727 2338 794 plurimum
2364 746 2503 781 con-

217 801 439 854 ciliant
465 800 750 864 facetiae,
797 799 870 850 ab
899 813 1105 851 earum
1131 812 1239 847 usu
1271 805 1332 848 et
1359 795 1782 848 consuetudine
1810 795 2057 865 oblique
2082 806 2247 854 arcet
2273 796 2499 852 fideles.
2571 827 2576 832 ‚

214 869 520 923 Insulsum
549 863 713 936 enim*
735 866 903 918 ducit
931 864 1213 935 quicquid
1235 880 1356 932 non
1389 863 1681 917 aedificat.
1763 861 1989 922 Eodem
2034 881 2212 918 sensu
2253 866 2503 933 ponitur
2580 875 2586 879 ’

215 953 442 990 nomen
472 937 742 988 Gratiae.-
788 944 856 988 ut
895 933 1264 986 contrarium
1299 932 1381 988 sit
1420 931 1775 1000 dicacitati,
1822 931 2132 1001 loedoriis,
2170 941 2234 986 et
2262 934 2502 1003 quibus-

212 1006 378 1059 libet
416 1021 495 1057 nu
538 1006 619 1069 is,
661 1004 943 1074 quaevel
983 995 1259 1067 laedunt',
1316 1001 1413 1053 vel
1453 1008 1833 1055 evanescunt.
1998 1001 2080 1053 Ut'
2108 1003 2321 1055 sciatis
2362 1022 2502 1071 quoe
2598 1037 2609 1045 -

217 1076 415 1126 modo.
486 1021 707 1195 {nise
745 1071 1060 1125 assuefecit
1096 1068 1548 1137 circumspectis
1586 1069 1989 1134 sermonibus,
2023 1087 2144 1123 non
2176 1062 2502 1130 incidet‘in

212 1144 443 1196 multas
481 1155 513 1194 a
556 1140 917 1205 surditates,
951 1140 1014 1191 in
1055 1155 1199 1208 quas
1232 1138 1483 1191 subinde
1522 1137 1801 1192 labuntur
1824 1137 2104 1191 homines
2128 1136 2409 1209 loquaces
2439 1148 2503 1193 et

204 1210 481 1288 garruli:
516 1210 627 1264 sed·
645 1210 925 1261 continuo
953 1224 1061 1261 usu
1090 1206 1364 1276 acquiret
1389 1207 1500 1260 sibi
1523 1216 1689 1278 recte
1717 1217 1779 1259 et
1809 1207 2080 1280 apposite
2105 1207 2505 1277 respondendi

214 1280 525 1350 peritiam.
597 1277 1100 1348 Quemadmodum
1126 1291 1331 1329 rursus
1357 1291 1595 1330 necesse
1624 1284 1744 1342 est,
1782 1286 1851 1329 ut
1878 1275 2082 1329 futiles
2113 1274 2389 1329 homines
2418 1275 2504 1330 ri-

216 1349 438 1402 dendos
474 1366 538 1401 se
578 1363 685 1416 pro
734 1346 933 1411 inent,
976 1342 1211 1415 quoties
1238 1343 1310 1397 de
1336 1361 1401 1397 re
1429 1344 1631 1426 aliqua
1662 1338 2137 1413 interrogantur.
2186 1360 2298 1415 qua
2322 1346 2398 1397 vin
2431 1361 2501 1400 re

213 1418 405 1470 iustas
436 1434 657 1486 poenas
715 1422 863 1467 uunt
887 1413 1125 1484 ineptae
1154 1427 1295 1465 suae
1321 1412 1721 1482 loquacitatis.
1768 1413 1894 1467 Nec
1916 1414 2063 1465 dicit
2083 1423 2316 1467 tantum
2338 1414 2501 1485 quid,

215 1487 324 1540 sed
352 1486 530 1539 etiam
561 1485 840 1554 quomodo
861 1503 884 1535 .·
918 1499 1030 1535 nec
1059 1482 1329 1535 omnibus
1355 1482 1783 1544 indifferenter,
1821 1482 1921 1535 sed
1949 1483 2279 1553 unicuique.
2348 1486 2502 1538 Nam

214 1556 373 1609 haec
399 1571 531 1623 pars
560 1562 655 1605 est
681 1568 800 1604 non
826 1551 1037 1616 ultima
1065 1550 1437 1620 prudentiae,
1466 1551 1841 1621 singulorum
1868 1551 2089 1603 habere
2112 1555 2490 1624 respectum.'

359 1623 414 1676 7.
470 1619 602 1674 ¹Res
633 1640 806 1674 meas.
882 1622 959 1673 Ut
984 1620 1173 1673 sciant
1199 1619 1616 1687 Colo'ssenses,
1662 1629 1942 1690 quantam
1981 1619 2195 1672 habeat
2234 1621 2504 1691 ipsorum
2533 1637 2544 1660 Ἀ

215 1689 463 1758 euram,
511 1692 675 1761 quasi
709 1689 844 1742 dato
877 1690 1128 1758 pignore
1157 1704 1259 1741 eos
1285 1687 1621 1762 confirmat.
1702 1690 1855 1741 Nam
1882 1705 2063 1769 quum
2091 1691 2249 1742 esset
2277 1690 2341 1741 in
2374 1707 2504 1743 car·

215 1765 386 1825 cere,
437 1767 496 1811 et
536 1759 607 1811 de
646 1759 763 1809 vita
799 1757 1280 1827 periclitaretur,
1329 1757 1663 1824 posthabita
1692 1757 1780 1810 sui
1809 1763 2077 1825 ratione,
2114 1756 2242 1810 illis
2269 1758 2521 1830 prospi-·

215 1827 328 1894 cit,
367 1827 691 1896 Tychicum
718 1827 792 1878 ad
816 1843 918 1878 eos
945 1825 1252 1879 mittendo.
1321 1828 1390 1877 In
1423 1842 1556 1895 quo,
1570 1826 1769 1879 elucet
1797 1834 1922 1879 tam
1951 1826 2278 1894 'singularis
2307 1828 2504 1880 sancti
2571 1831 2579 1838 '

216 1897 493 1969 Apostoli
521 1898 714 1961 zelus,
761 1909 936 1965 quam
966 1893 1300 1964 prudentia.
1343 1911 1545 1964 neque
1576 1895 1731 1947 enim
1757 1895 1871 1946 hoc
1904 1911 2114 1963 parum
2146 1905 2267 1960 est,
2319 1896 2502 1966 quod,

216 1968 365 2020 dum
393 1964 658 2035 captivus
685 1972 964 2030 tenetur,
1005 1972 1066 2015 et
1091 1973 1359 2015 versatur
1382 1961 1445 2015 in
1473 1972 1737 2015 extremo
1767 1963 2108 2015 discrimine
2135 1965 2209 2016 ob
2235 1963 2504 2034 Evange·
2541 1977 2545 1989 ·

215 2035 370 2088 lium
391 2073 409 2100 ,
458 2050 574 2087 non
596 2043 796 2086 tamen
825 2041 1012 2085 cessat
1038 2032 1180 2102 quin
1208 2033 1612 2101 promovendo
1633 2032 1977 2101 'Evangelio
2009 2031 2349 2099 incumbat,
2402 2051 2504 2088 cu·

215 2113 315 2157 ret
342 2119 546 2155 omnes
578 2101 893 2154 Ecclesias.
961 2103 1054 2153 Ita
1095 2117 1310 2168 corpus
1350 2099 1591 2170 quidem
1628 2110 1718 2153 est
1750 2100 2078 2163 inclusum,
2127 2101 2233 2154 sed
2271 2102 2504 2156 animus

217 2172 297 2226 ad
324 2172 709 2239 satagendum
735 2169 1025 2223 sollicitus
1056 2185 1120 2222 se
1146 2169 1325 2238 longe
1353 2169 1594 2240 lateque
1625 2169 1924 2222 diffundit.
2001 2170 2351 2232 l’rudentiae
2390 2181 2502 2240 est,

215 2241 382 2311 quod
407 2240 684 2292 idoneum
711 2239 899 2292 mittit
925 2238 1228 2290 hominem
1255 2247 1317 2290 et
1337 2238 1667 2303 cordatum‘,
1702 2239 1804 2309 qui
1827 2255 1926 2289 eos
1955 2237 2287 2304 confirmet,
2318 2256 2505 2308 quan-

214 2313 352 2363 tum
380 2326 523 2377 opus
551 2318 709 2375 erat,
761 2318 820 2360 et
842 2307 1475 2377 pseudoapdstolorum
1501 2307 1750 2360 astutiae
1778 2306 2042 2374 resistat:
2095 2306 2307 2359 deinde
2345 2308 2504 2378 quod
2547 2354 2558 2360 -

216 2377 564 2446 Epaphran'i
593 2377 747 2444 apud
771 2393 834 2429 se
862 2375 1120 2440 retinet,
1159 2376 1348 2428 donec
1377 2376 1817 2446 perspexerint,
1854 2371 2046 2444 qu³alis
2072 2383 2134 2427 et
2161 2386 2412 2445 quantus
2437 2376 2502 2428 in

188 2466 199 2485 ⁴
216 2447 498 2500 doctrina
520 2463 843 2499 consensus
872 2444 1026 2497 foret
1049 2443 1206 2497 inter
1230 2462 1433 2497 omnes
1456 2462 1632 2497 veros
1656 2444 1930 2498 doctores
1951 2463 1967 2499 :
2001 2445 2279 2515 idemque
2305 2445 2503 2499 audie-

217 2517 349 2570 rint
374 2533 406 2567 a
432 2515 696 2584 Tychico
717 2552 736 2579 ,
784 2515 944 2583 quod
971 2502 1139 2583 prius
1172 2514 1245 2565 ab
1275 2514 1555 2582 Epaphi-a
1591 2514 1933 2569 didicerant.
2016 2508 2506 2589 Haec‘exempla.
2598 2536 2602 2541 ·

215 2584 549 2653 diligenter
575 2583 963 2649 meditemur,
1015 2584 1084 2635 u‘t
1107 2599 1216 2633 nos
1244 2583 1570 2636 accendant
1597 2583 1673 2636 ad
1699 2581 2109 2651 imitationem
2139 2582 2353 2635 similis
2378 2592 2502 2638 stu-

217 2653 328 2708 dii.
415 2652 590 2705 Addit
633 2644 999 2718 Onesimum,
1057 2666 1175 2719 quo
1219 2652 1348 2717 plus
1388 2651 1611 2709 habeat
1647 2650 1919 2720 ponderis
1959 2651 2208 2720 legatio.
2281 2642 2501 2732 ‘Quan—

217 2736 405 2792 quam
429 2722 726 2781 incertum
755 2730 875 2784 est,
913 2719 1254 2790 quirfuerit
1279 2719 1380 2771 hic
1407 2720 1743 2779 Onesimus.
1791 2737 1927 2772 nam
1952 2722 2043 2772 vix
2073 2731 2162 2773 est
2189 2720 2520 2788 credibile,'

214 2791 384 2849 huno
416 2808 540 2842 esse
566 2805 799 2845 servum
823 2789 996 2843 illum
1020 2787 1405 2855 Philemonis,
1443 2788 1580 2858 quia
1607 2789 1761 2841 furis
1798 2798 1858 2839 et
1885 2789 2129 2857 fugitivi
2156 2805 2374 2840 nomen
2401 2789 2502 2841 de-

215 2858 427 2913 decori
466 2859 795 2913 subiectum
835 2857 1060 2909 fuisset.
1151 2858 1369 2927 Ambos
1405 2867 1581 2912 ornat
1616 2856 1888 2911 honestis
1930 2857 2160 2925 titulis,
2220 2858 2354 2926 quo'
2379 2873 2504 2910 rna·
2549 2876 2553 2893 ¹

214 2928 318 2997 gis
357 2927 617 2999 prosint:
676 2943 747 2980 ac
769 2925 1104 2996 Tychicum
1139 2926 1548 2996 praesertim„
1579 2925 1684 2998 qui
1711 2925 1963 2981 docendi
1989 2942 2236 2980 munere
2260 2926 2503 2995 functae

212 3013 325 3051 :rus
361 3005 509 3051 erat.
2355 3002 2358 3011 ¹

250 3202 267 3211 -
393 3145 496 3211 10.
545 3133 806 3205 Salutat
830 3130 1434 3229 isosfflAristarchus,
1480 3142 1913 3227 concaptivus
1941 3160 2167 3219 meus,
2208 3152 2277 3208 et
2293 3141 2503 3225 ¹Mar--

216 3246 368 3305 cus,
410 3236 738 3310 cognatus
755 3225 1097 3301 Barnabae
1115 3244 1151 3287 :.
1171 3223 1256 3287 de
1279 3244 1417 3308 quo
1443 3228 1804 3312 accepistis
1827 3222 2159 3304 mandata,
2206 3231 2263 3291 si
2291 3220 2505 3296 ve'ne-

210 3319 313 3379 rit
336 3310 425 3375 -ad
454 3331 603 3388 vos,
634 3321 711 3373 ut
738 3312 1120 3396 suscipiatis
1150 3312 1406 3395 ipsum:
1492 3315 1596 3373 11.·
1629 3310 1719 3374 Et
1745 3309 1933 3375 Ies'us
1961 3316 2075 3393 qui
2105 3313 2351 3394 dicitur
2385 3312 2502 3375 Iu·-

214 3410 400 3469 stus:
444 3399 560 3478 qui
586 3406 744 3459 sunt
768 3408 857 3458 ex
874 3394 1421 3460 Circumcisione.
1463 3393 1535 3458 hi
1561 3394 1691 3459 soli
1719 3399 2094 3481 cooperarii
2121 3400 2502 3482 inregnum

210 3485 390 3559 Dei,
417 3483 556 3563 'qni
597 3478 766 3546 mihi
809 3476 1090 3542 fuerunt
1130 3479 1398 3543 solatio.
1520 3484 1617 3543 12.
1676 3477 1940 3544 Salutat
1983 3499 2103 3545 vos
2146 3480 2499 3569 Epaphras

217 3572 341 3652 qui
380 3578 484 3630 est
518 3586 606 3629 ex
636 3566 829 3630 vobis
871 3583 1100 3628 servus
1131 3561 1425 3640 Christi,
1476 3583 1743 3650 semper
1771 3563 2127 3628 decertans
2151 3585 2279 3650 pro
2309 3569 2528 3632 vobis·

214 3658 291 3718 in
333 3650 870 3737 precationibus:
922 3659 1000 3721 ut
1043 3651 1234 3711 stetis
1274 3647 1561 3732 perfecti
1601 3661 1668 3713 et
1706 3647 2022 3735 completi
2051 3652 2124 3711 in
2154 3653 2340 3729 om‘ni
2369 3671 2502 3716 vo·—

211 3736 480 3801 luntate
510 3735 661 3797 Dei.
757 3736 856 3796 13.
914 3731 1413 3796 Testimonium
1455 3734 1635 3797 enim
1671 3730 1773 3797 illi
1809 3732 2057 3811 redde,
2104 3734 2288 3816 quod
2314 3732 2502 3811 mul-
2549 3791 2555 3797 .

209 3835 368 3886 tum
412 3818 709 3967 suigiam
745 3819 952 3893 vestri
980 3815 1266 3893 xhabeat,
1322 3828 1390 3889 et
1429 3837 1668 3883 eorum
1701 3819 1819 3900 qui
1845 3829 2006 3899 sunt
2033 3815 2410 3885 Laodiceae
2432 3830 2532 3885 et.

211 3907 519 3989 Hierapo
550 3905 591 3966 '.
862 3968 867 3969 ff
1228 3964 1235 3981 2
1396 3966 1399 3973 ,
1608 3936 1612 3942 ,

342 4025 445 4078 ·10.
520 4024 926 4093 concaptivus.
974 4022 1167 4078 'Hinc
1208 4024 1485 4093 apparet,
1532 4020 1853 4076 accessisse
1885 4020 2036 4093 alios
2061 4008 2281 4093 Paulo,
2329 4035 2500 4094 post-

213 4110 401 4167 quam
440 4095 689 4146 Romam
732 4093 851 4146 fuit
888 4094 1229 4161 perductus.
1313 4092 1393 4143 Et
1435 4091 1722 4145 credibile
1760 4094 1902 4159 est,⁴
1925 4091 1989 4144 in
2020 4090 2137 4146 hoc
2161 4093 2520 4148 incubuisse·

212 4166 424 4217 hostes
465 4161 801 4232 principio,
847 4170 918 4213 ut
956 4160 1213 4231 periculi
1249 4161 1537 4212 societate
1575 4161 1979 4213 absterrerent
2016 4176 2216 4217 omnes
2254 4162 2383 4232 pios
2425 4165 2498 4217 ab
2527 4220 2538 4225 ,

211 4233 347 4302 ipso
396 4229 682 4297 iuvando,
743 4226 922 4299 idque
963 4230 1039 4283 ad
1080 4234 1316 4296 tempus
1359 4229 1666 4289 valuisse:=
1756 4238 1919 4283 ostea
1968 4230 2522 4301 collectis-ganimis.

214 4300 504 4372 quosdam
549 4298 834 4366 sprevisse
874 4297 1156 4368 quicquid
1191 4297 1448 4349 terroris
1489 4297 1708 4350 obiicie
1756 4310 1909 4350 atur.
1949 4356 1952 4363 ι
2058 4300 2133 4365 Ut
2159 4298 2501 4366 suscipiatis

213 4364 431 4439 ipsumi
504 4364 792 4435 Nonnulli
837 4367 1077 4420 codices
1116 4365 1340 4417 habent
1372 4368 1691 4437 Suscipite,
1733 4365 2102 4440 ‘imperativo
2139 4370 2348 4427 modo:
2400 4367 2503 4427 sed

209 4442 558 4510 perperam.
603 4435 886 4506 exprimit
920 4434 1077 4491 enim
1118 4434 1378 4505 speciem
1415 4435 1579 4492 illius
1620 4434 2125 4508 mandansque&
2148 4447 2502 4508 acceperant

1668 4504 1813 4569 11*
