2820 4895
456 286 610 353 484*
775 244 808 259 ’”
976 273 982 283 ·
1207 281 1312 346 m
1388 279 2006 386 epis'romffl

389 462 390 467 ’
455 454 821 516 alienarent}
869 467 1028 504 nunc
1066 448 1154 502 ita
1190 457 1435 503 vocatos
1475 467 1598 503 esse
1632 451 1839 516 docet,
1886 457 1954 503 ut
1981 468 2043 505 se
2066 467 2373 521 nunquam
2402 451 2719 506 subducant,

413 548 424 559 2
460 530 649 594 Atque
677 522 896 574 iterum
927 520 1102 573 fidem
1133 530 1189 571 et
1218 520 1672 573 subductionem
1717 520 1877 571 inter
1919 538 1980 572 se
2025 522 2305 588 opponit,
2344 521 2537 573 sicuti
2559 521 2720 590 acqui·

460 594 734 646 sitionem
762 593 1001 643 animae
1024 590 1279 642 eiusdem
1310 589 1514 640 exitio.
1598 591 1886 641 Notemus
1917 599 2150 657 autem,
2201 590 2358 643 hanc
2392 592 2722 642 sententiam

460 662 534 715 ad
573 678 681 712 nos
725 675 958 740 quoque
993 659 1325 726 pertinere;
1374 674 1484 708 nos
1526 659 1712 725 enim,
1768 668 1915 726 quos
1949 659 2129 710 semel
2169 658 2579 727 dignatusest
2603 661 2722 710 Deus

460 729 778 795 Evangelii
818 728 909 780 sui
956 725 1124 791 luce,
1179 726 1316 796 quia
1343 727 1405 778 in
1434 726 1690 799 salutem
1719 727 1913 778 vocati
1942 743 2178 794 sumus,
2227 728 2398 778 hune
2442 743 2727 796 agnoscere

462 799 742 850 debemus
783 796 1109 849 vocationis
1149 806 1391 846 nostrae
1428 795 1648 860 finem,
1695 805 1763 848 ut
1800 795 2182 864 proficiamus
2222 796 2426 864 magis
2466 812 2540 847 ae
2575 798 2729 865 magis

462 867 524 919 in
562 865 677 919 Dei
720 863 1094 929 obedientia,
1158 873 1219 915 et
1263 863 1495 916 assidue
1536 865 1779 934 propius
1818 864 1891 916 ad
1933 881 2067 916 eum
2102 865 2406 916 *accedere
2455 881 2729 919 conemur.

463 937 627 988 Haec
666 950 803 985 vera
846 932 932 986 est
966 934 1199 984 animae
1240 932 1590 1003 acquisitio,
1642 933 1785 1004 quia
1819 933 1905 985 sic
1946 933 2173 1003 agendo
2212 934 2551 1005 effugimus
2576 945 2729 986 aeter-

464 1021 610 1065 num
650 1001 988 1055 interitum.
1814 1042 1839 1069 4
1932 1005 1939 1011 ’

602 1142 653 1195 1.
726 1141 911 1192 Porro
941 1139 1102 1206 fides
1141 1152 1244 1191 est.
1318 1137 1593 1209 Quisquis
1618 1138 1726 1191 hic
1751 1139 1900 1193 fecit
1932 1138 2173 1194 initium
2202 1140 2414 1208 eapitis
2440 1140 2732 1206 undecimi,

465 1227 777 1284 perperam
819 1218 1164 1260 contextum
1205 1208 1466 1276 abrupit.
1539 1210 1689 1260 Nam
1725 1211 1989 1277 Apostoli
2020 1210 2335 1261 consilium
2364 1220 2460 1261 est
2490 1212 2735 1278 probare,

462 1281 617 1352 quod
643 1279 913 1341 dixerat,
954 1290 1100 1344 opus
1126 1276 1361 1329 scilicet
1389 1293 1513 1329 esse
1541 1276 1851 1347 patientia.
1935 1278 2167 1331 Citavit
2200 1278 2619 1331 testimonium
2645 1281 2734 1329 Hs-

462 1352 689 1414 bacuc,
751 1344 855 1416 qui
903 1343 1055 1397 dicit
1106 1345 1326 1399 iustum
1375 1346 1493 1399 fide
1537 1363 1640 1398 sun
1681 1347 1902 1398 vivere.
1996 1350 2204 1412 Nunc,
2266 1349 2436 1415 quod
2478 1348 2733 1413 restabat,

463 1417 761 1483 ostendit,
808 1430 927 1466 non
964 1416 1145 1483 magis
1182 1431 1215 1466 a
1253 1414 1544 1480 patientia
1570 1414 1749 1466 fidem
1778 1415 1996 1484 avelli,
2044 1432 2221 1486 quam
2246 1431 2372 1468 ase
2403 1417 2536 1485 ipsa
2568 1433 2731 1484 posse.

466 1489 667 1558 Quare
704 1482 838 1536 talis
875 1493 964 1533 est
1004 1483 1291 1534 orationis
1338 1485 1562 1536 series:
1631 1485 1943 1555 Nunquam
1982 1483 2399 1554 perveniemus
2446 1486 2523 1536 ad
2563 1485 2734 1536 salutis

465 1567 717 1620 metam,
768 1552 882 1603 nisi
919 1552 1201 1620 patientia
1243 1552 1426 1604 simus
1467 1552 1776 1605 instructi.
1867 1553 2164 1622 Propheta
2193 1553 2356 1605 enim
2388 1553 2732 1606 iustumfide

464 1625 767 1678 victurum
795 1621 1023 1672 asserit.
1095 1621 1272 1690 Atqui
1313 1620 1458 1673 fides
1497 1622 1569 1672 ad
1608 1637 1702 1672 res
1741 1622 1951 1690 procul
1992 1632 2257 1675 remotas¹
2289 1639 2404 1673 nos
2451 1631 2657 1688 vocat,
2690 1634 2733 1673 et

465 1694 678 1777 fluibus
717 1691 981 1742 nondum
1027 1689 1320 1757 potimur:
1373 1690 1713 1741 necessario
1753 1690 1939 1759 igitur
1976 1690 2326 1757 patientiam
2361 1691 2434 1742 in
2468 1709 2537 1742 se
2571 1691 2730 1743 conti·

465 1772 593 1816 net.
653 1762 864 1829 Itaque
894 1757 956 1808 in
986 1759 1331 1825 syllogismo
1356 1758 1727 1825 haecminor
1755 1761 2095 1830 propositio
2121 1760 2270 1812 erit:
2314 1760 2495 1811 Fides
2530 1774 2612 1813 est
2630 1760 2728 1809 neb-

466 1831 693 1895 stantiq
724 1839 837 1879 etc.
922 1827 1088 1879 Unde
1119 1829 1293 1891 etiayn
1326 1835 1606 1895 apparet,
1655 1827 1837 1895 longe
1867 1829 1999 1881 falli
2032 1846 2168 1894 eos,
2221 1828 2324 1896 qui
2355 1827 2594 1881 iustam
2619 1825 2757 1880 fidei.

464 1897 879 1953 definitionem
921 1895 1021 1946 hie
1063 1897 1199 1962 poni
1245 1896 1620 1955 existimant}
1678 1912 1751 1947 ne
1800 1914 1873 1949 ue
1904 1899 2065 1950 enim
2094 1897 2192 1949 hic
2220 1897 2293 1947 de
2319 1906 2460 1948 tota
2495 1898 2628 1951 fidei
2653 1913 2718 1967 ns·

465 1978 603 2023 tura
644 1965 881 2017 disserit
925 1967 1269 2028 Apostolum
1328 1965 1434 2017 sed
1472 1973 1706 2032 partem
1745 1983 1777 2016 e
1807 1967 1930 2034 egit
1965 1982 2072 2018 suo
2112 1965 2395 2018 instituto
2438 1981 2711 2036 congrues·

465 2046 624 2099 tem,
668 2050 879 2102 nempe
908 2032 1065 2102 quod
1098 2051 1232 2087 cum
1263 2035 1546 2101 patientia
1570 2046 1805 2101 semper
1828 2036 2151 2088 coniuncta
2177 2035 2271 2094 sit,
2350 2036 2551 2088 Nune
2592 2034 2701 2087 ved:

467 2102 884 2174 expendamus.
957 2103 1313 2171 Hbypostasin
1349 2112 1520 2155 voest
1550 2120 1765 2168 rerum,
1805 2122 1952 2171 quae
1982 2117 2308 2173 sperantur.
2387 2105 2694 2157 scimusn-

462 2183 588 2236 tem
618 2170 850 2241 sperari
876 2188 995 2223 non
1026 2189 1179 2239 quae
1201 2173 1373 2224 nobis
1404 2171 1477 2221 ad
1505 2187 1744 2225 manum
1767 2182 1938 2237 sunt,
1966 2172 2084 2225 'sed
2124 2188 2270 2241 quae
2303 2173 2518 2224 adhuc
2560 2175 2705 2229 latu&

464 2242 563 2295 vel
600 2254 852 2310 quorum
899 2239 1369 2311 saltemiruitiq
1403 2239 1466 2290 in
1507 2240 1670 2305 aliud
1708 2249 1942 2301 tempus
1987 2241 2282 2293 reiicitur.
2366 2242 2570 2295 'Idem
2614 2253 2716 2307 ergo

463 2326 623 2365 nunc
662 2309 839 2360 docet
868 2310 1215 2376 Apostolus,
1263 2308 1426 2378 quod
1464 2308 1675 2371 Paulus
1700 2308 1790 2359 :ad
1826 2310 2076 2362 Roman.
2105 2308 2305 2377 capite
2331 2310 2390 2374 8,
2424 2311 2523 2365 24.
2591 2311 2720 2361 Post-

451 2396 643 2451 ¹qtutm
673 2377 833 2443 enim
861 2376 1038 2442 dixit,
1094 2379 1226 2429 Non
1255 2376 1475 2442 videri,
1512 2377 1663 2445 quod
1693 2389 2000 2442 speratur:
2053 2395 2124 2430 ex
2150 2396 2219 2431 eo
2242 2379 2462 2442 infert,
2524 2396 2626 2446 per
2646 2393 2725 2443 pa-

465 2446 743 2502 tientiam
768 2445 1108 2514 exspectari.
1184 2447 1280 2499 Sic
1310 2438 1625 2514 Apostolus
1653 2455 1860 2508 noster
1889 2450 2356 2513 admouet,-non
2385 2449 2606 2500 haberi
2629 2449 2728 2499 Deo

465 2519 645 2572 fidem
685 2517 758 2567 de
794 2517 1241 2584 praesentibus,
1286 2516 1387 2567 sed
1420 2532 1675 2584 quorum
1707 2520 2072 2583 exspectatio
2106 2517 2297 2570 adhue
2328 2536 2625 2583 suspensa
2652 2524 2734 2567 est.

461 2588 595 2642 Nec
632 2602 773 2636 vero
815 2583 1016 2654 gratia
1048 2597 1224 2658 caret·
1247 2584 1576 2651 antilogiae
1617 2583 1860 2651 species.
1929 2586 2136 2650 Fides„
2173 2586 2412 2656 inquit,
2455 2598 2552 2639 est
2580 2587 2737 2653 hypo-

464 2655 672 2718 stasis,
720 2654 837 2706 hoc
878 2661 995 2718 est,
1045 2653 1269 2704 fultura
1310 2654 1405 2706 vel
1447 2652 1773 2721 possessio,
1819 2654 1881 2706 in
1919 2671 2034 2723 qua
2075 2655 2284 2723 pedem
2325 2654 2614 2722 figimus3
2664 2651 2741 2705 sed

467 2740 715 2794 quarum
757 2721 1001 2774 rerum?
1061 2721 1428 2787 absentium,
1481 2738 1628 2788 quae
1671 2720 1819 2772 adeo
1863 2724 2102 2791 pedibus
2138 2725 2357 2775 nostris
2396 2742 2528 2775 non
2573 2724 2745 2776 subia-

466 2802 641 2858 cent,
679 2800 747 2845 ut
771 2792 948 2859 longe
977 2802 1258 2856 superent
1286 2790 1514 2858 ingenii
1545 2789 1740 2842 nostri
1771 2803 2027 2858 captum.
2112 2794 2336 2848 Eadem
2365 2803 2460 2844 est
2490 2794 2652 2843 ratio
2676 2808 2748 2842 se·

468 2861 648 2914 cundi
673 2859 956 2924 membri,
992 2860 1094 2911 uhi
1124 2859 1468 2925 elenchum,
1509 2858 1569 2908 id
1597 2869 1703 2924 est,
1744 2859 2313 2913 demonstrationem
2349 2871 2537 2913 vocat
2562 2876 2748 2912 rerum

466 2946 589 2982 non
617 2927 1051 2998 apparentium.
1123 2926 1571 2982 Demonstratio,
1601 2927 1971 3000 enimiacit,
2017 2941 2080 2982 ut
2107 2946 2198 2981 res
2226 2925 2610 3000 appareant,
2660 2944 2752 2979 nec

464 2998 648 3066 vulgo
692 2997 954 3064 pertinet
999 2995 1115 3047 nisi
1158 2997 1229 3049 ad
1267 3013 1378 3061 ea,
1416 3014 1564 3066 qua-e
1594 2997 1702 3047 sub
1735 3014 1941 3050 sensus
1958 3005 2203 3057 nostros
2232 3000 2474 3051 cadunt.
2556 3002 2753 3067 ltaque

448 3065 456 3083 ²
512 3079 732 3136 ugnant
757 3066 906 3117 haec
934 3066 1047 3117 duo
1077 3064 1141 3116 in
1173 3065 1463 3133 speciem;
1518 3075 1576 3117 et
1599 3074 1798 3117 tamen
1831 3066 2061 3133 optime
2092 3069 2496 3132 conveniunt,
2559 3067 2667 3121 ubi
2694 3067 2752 3116 de

462 3084 582 3188 {de
626 3136 849 3206 agitur.
934 3134 1050 3186 Res
1089 3133 1247 3185 enim
1285 3133 1654 3204 absconditas
1695 3134 1867 3186 nobis
1909 3136 2279 3188 demonstrat
2319 3136 2591 3205 Spiritus
2633 3134 2757 3192 Dei.

358 3211 360 3220 ⁴
443 3220 717 3274 >quarum
756 3201 921 3255 nulla
964 3203 1036 3254 ad
1074 3217 1278 3255 sensus
1313 3211 1552 3257 nostros
1591 3203 1906 3271 pervenire
1941 3214 2140 3272 potest
2178 3206 2491 3274 cognitio>
2578 3203 2758 3258 Nobis

445 3273 587 3329 'vita
613 3282 857 3325 aeterna
884 3272 1299 3341 promittitur,
1350 3267 1459 3324 sed
1479 3273 1769 3335 mortuis;
1821 3273 1996 3326 nobis
2031 3292 2226 3326 sermo
2257 3275 2326 3328 fit
2352 3276 2426 3325 de
2455 3276 2650 3327 beata
2682 3290 2757 3324 re-

462 3341 839 3396 surrectione
859 3379 875 3405 ,
914 3340 1148 3392 interea
1178 3340 1496 3408 putredine
1521 3357 1722 3394 sumus
1751 3341 2022 3406 obvoluti
2042 3360 2083 3408 ;‚
2112 3343 2254 3396 iusti
2277 3344 2758 3413 pronuntiamur,

467 3420 529 3462 et
555 3410 790 3462 habitat
816 3409 878 3460 in
904 3408 1073 3461 nobis
1103 3420 1453 3474 peccatum;
1506 3410 1776 3462 audimus
1807 3428 1912 3461 nos
1943 3429 2071 3466 esse
2099 3411 2333 3477 beatos,
2374 3413 2637 3464 interea
2672 3410 2758 3462 ob-

462 3478 702 3531 ruimur
740 3476 993 3534 infinitis
1031 3477 1311 3543 miseriis;
1361 3477 1734 3547 promittitur
1766 3479 2069 3532 honorum
2111 3473 2377 3534 omni'um
2413 3481 2758 3540 affluentia,

366 3559 370 3566 ·
507 3548 693 3599 rolixe
724 3564 865 3599 vero
895 3546 1187 3598 esurimus
1221 3555 1282 3598 et
1310 3544 1582 3607 sitimus3
1610 3565 1613 3568 ⁴
1637 3546 1857 3610 clamat
1887 3550 2079 3616 Deus,
2116 3550 2332 3602 statim
2362 3566 2428 3601 se
2455 3551 2653 3601 nobis
2683 3547 2758 3599 ad-

461 3565 765 3679 }uturum,
805 3616 904 3669 sed
934 3615 1167 3670 videtur
1189 3615 1406 3678 <surdus
1437 3632 1561 3666 esse
1593 3616 1666 3666 ad
1698 3616 2279 3670 clarnoresmostros.
2364 3618 2536 3687 Quid
2580 3619 2758 3679 fieret,

461 3684 582 3737 nisi
610 3684 736 3755 spei
763 3684 1196 3748 inniteremur,
1232 3700 1304 3740 ac
1332 3701 1500 3743 mens
1526 3694 1732 3735 nostra
1763 3686 2147 3754 praelucente
2172 3688 2284 3739 Dei
2315 3687 2502 3737 verbo
2539 3703 2624 3739 ac
2654 3685 2758 3754 spi-

460 3752 582 3805 ritu
626 3768 735 3822 per
771 3754 989 3813 medias
1032 3754 1303 3805 tenebras
1333 3769 1516 3820 supra
1541 3753 1826 3807 mundum
1853 3757 2228 3823 emergeret?
2302 3755 2510 3823 Quare
2548 3758 2758 3809 merito

458 3820 605 3872 fides
630 3822 999 3874 subsistentia
1030 3832 1281 3876 vocatur
1305 3837 1539 3886 rerum,
1593 3839 1743 3889 quae
1774 3824 1837 3873 in
1869 3841 1969 3889 spe
1999 3825 2190 3877 adhuc
2219 3824 2448 3893 positae
2480 3835 2679 3891 sunt,
2720 3831 2758 3872 et

459 3889 758 3956 evidentia
782 3908 902 3942 non
929 3890 1368 3959 apparentium.
1441 3890 1611 3959 Quod
1632 3891 1987 3959 Augustinus
2018 3893 2124 3957 pro
2154 3883 2405 3944 elencho
2435 3893 2758 3964 aliquoties

457 3956 903 4014 convictionem
932 3959 1273 4025 transtulit,
1321 3974 1444 4029 non
1474 3957 1786 4026 displicet3
1834 3978 1968 4011 nam
1997 3961 2256 4025 fideliter
2283 3963 2585 4029 Apostoli
2620 3978 2758 4016 men·

454 4034 588 4105 tem
610 4026 914 4107 exprimit.
988 4029 1099 4081 Sed
1134 4044 1245 4095 ego
1267 4029 1807 4086 Demonstrationis
1837 4039 1939 4083 aut
1953 4027 2304 4090 Evidentiae
2328 4045 2572 4085 nomen
2598 4030 2758 4093 malo,

433 4111 597 4165 quia
626 4111 821 4149 nunus
856 4104 945 4147 est
979 4107 1276 4150 eoactum.
1548 4141 1551 4146 .
1728 4127 1729 4130 =

622 4252 683 4311 2.
727 4244 855 4310 Per
884 4233 1060 4309 hanc
1087 4223 1265 4318 enirn
1291 4216 1751 4319 testimouium
1786 4254 2190 4335 consequuti
2214 4259 2379 4314 sunt
2408 4249 2758 4317 Seniores.

449 4335 509 4394 3.
567 4328 1211 4415 Fidesintelligimus
1266 4332 1613 4417 (Genesikls
1642 4347 1697 4399 3.
1755 4331 2021 4399 ΙοΙιαηη.
2057 4332 2270 4417 1,10.)
2323 4348 2577 4419 aptata
2640 4352 2758 4402 ess!

433 4414 715 4481 ‘saecula
761 4416 969 4480 verbo
1007 4416 1171 4493 Dei,
1244 4427 1326 4480 ut
1363 4437 1503 4482 non
1544 4419 2016 4506 apparentitun
2057 4421 2454 4507 spectacula
2504 4420 2758 4491 fierent
