<?xml version="1.0" encoding="UTF-8"?>
<!DOCTYPE html PUBLIC "-//W3C//DTD XHTML 1.0 Transitional//EN"
    "http://www.w3.org/TR/xhtml1/DTD/xhtml1-transitional.dtd">
<html xmlns="http://www.w3.org/1999/xhtml" xml:lang="en" lang="en">
 <head>
  <title>
</title>
<meta http-equiv="Content-Type" content="text/html;charset=utf-8" />
  <meta name='ocr-system' content='tesseract 3.04.00' />
  <meta name='ocr-capabilities' content='ocr_page ocr_carea ocr_par ocr_line ocrx_word'/>
</head>
<body>
  <div class='ocr_page' id='page_1' title='image "./johanniscalvini00calvgoog_0327.png"; bbox 0 0 2820 4895; ppageno 0'>
   <div class='ocr_carea' id='block_1_1' title="bbox 493 210 2493 317">
    <p class='ocr_par' dir='ltr' id='par_1_1' title="bbox 493 210 2493 317">
     <span class='ocr_line' id='line_1_1' title="bbox 493 210 2493 317; baseline 0.003 -16"><span class='ocrx_word' id='word_1_1' title='bbox 493 214 682 301; x_wconf 71' lang='lat' dir='ltr'><strong>‘An</strong></span> <span class='ocrx_word' id='word_1_2' title='bbox 745 234 1432 313; x_wconf 68' lang='lat' dir='ltr'><strong>TlmoTurEuM</strong></span> <span class='ocrx_word' id='word_1_3' title='bbox 1494 236 1574 300; x_wconf 92' lang='lat'><strong>11.</strong></span> <span class='ocrx_word' id='word_1_4' title='bbox 1615 236 1802 302; x_wconf 54' lang='lat' dir='ltr'><strong>cir.</strong></span> <span class='ocrx_word' id='word_1_5' title='bbox 1843 234 1959 305; x_wconf 85' lang='lat'><strong>111.</strong></span> <span class='ocrx_word' id='word_1_6' title='bbox 2024 210 2169 312; x_wconf 68' lang='lat' dir='ltr'><strong>lv.¹</strong></span> <span class='ocrx_word' id='word_1_7' title='bbox 2338 246 2493 317; x_wconf 48' lang='lat' dir='ltr'><strong>*ssi</strong></span> 
     </span>
    </p>
   </div>
   <div class='ocr_carea' id='block_1_2' title="bbox 167 394 2559 693">
    <p class='ocr_par' dir='ltr' id='par_1_2' title="bbox 167 394 2559 693">
     <span class='ocr_line' id='line_1_2' title="bbox 169 394 2559 482; baseline 0.001 -22"><span class='ocrx_word' id='word_1_8' title='bbox 169 409 410 475; x_wconf 77' lang='lat' dir='ltr'><strong>lutam,</strong></span> <span class='ocrx_word' id='word_1_9' title='bbox 446 405 595 465; x_wconf 80' lang='lat' dir='ltr'><strong>nihil</strong></span> <span class='ocrx_word' id='word_1_10' title='bbox 626 406 701 459; x_wconf 83' lang='lat' dir='ltr'><strong>ad</strong></span> <span class='ocrx_word' id='word_1_11' title='bbox 724 406 873 460; x_wconf 84' lang='lat' dir='ltr'><strong>bene</strong></span> <span class='ocrx_word' id='word_1_12' title='bbox 893 404 1216 471; x_wconf 73' lang='lat' dir='ltr'><strong>¹vivendum</strong></span> <span class='ocrx_word' id='word_1_13' title='bbox 1241 405 1420 459; x_wconf 72' lang='lat' dir='ltr'><strong>deest.</strong></span> <span class='ocrx_word' id='word_1_14' title='bbox 1486 404 1844 477; x_wconf 76' lang='lat' dir='ltr'><strong>Redargutio</strong></span> <span class='ocrx_word' id='word_1_15' title='bbox 1873 416 1933 477; x_wconf 75' lang='lat' dir='ltr'><strong>at</strong></span> <span class='ocrx_word' id='word_1_16' title='bbox 1954 409 2249 477; x_wconf 73' lang='lat' dir='ltr'><strong>‘correctio</strong></span> <span class='ocrx_word' id='word_1_17' title='bbox 2274 427 2484 482; x_wconf 64' lang='lat' dir='ltr'><strong>parurn</strong></span> <span class='ocrx_word' id='word_1_18' title='bbox 2550 394 2559 409; x_wconf 70' lang='lat'><em>⁴</em></span> 
     </span>
     <span class='ocr_line' id='line_1_3' title="bbox 170 475 2477 549; baseline 0 -17"><span class='ocrx_word' id='word_1_19' title='bbox 170 479 499 543; x_wconf 74' lang='lat' dir='ltr'><strong>differunt,</strong></span> <span class='ocrx_word' id='word_1_20' title='bbox 556 478 672 529; x_wconf 83' lang='lat' dir='ltr'><strong>nisi</strong></span> <span class='ocrx_word' id='word_1_21' title='bbox 709 477 863 546; x_wconf 80' lang='lat' dir='ltr'><strong>quod</strong></span> <span class='ocrx_word' id='word_1_22' title='bbox 904 476 1195 544; x_wconf 76' lang='lat' dir='ltr'><strong>posterius</strong></span> <span class='ocrx_word' id='word_1_23' title='bbox 1231 493 1301 527; x_wconf 81' lang='lat' dir='ltr'><strong>ex</strong></span> <span class='ocrx_word' id='word_1_24' title='bbox 1337 475 1535 545; x_wconf 80' lang='lat' dir='ltr'><strong>priore</strong></span> <span class='ocrx_word' id='word_1_25' title='bbox 1563 486 1783 545; x_wconf 64' lang='lat' dir='ltr'><strong>manat.</strong></span> <span class='ocrx_word' id='word_1_26' title='bbox 1820 540 1823 545; x_wconf 20' lang='grc' dir='ltr'>ι</span> <span class='ocrx_word' id='word_1_27' title='bbox 1854 476 2008 537; x_wconf 83' lang='lat' dir='ltr'><strong>Nam</strong></span> <span class='ocrx_word' id='word_1_28' title='bbox 2033 479 2477 549; x_wconf 73' lang='lat' dir='ltr'><strong>resipiscentiae</strong></span> 
     </span>
     <span class='ocr_line' id='line_1_4' title="bbox 167 547 2477 625; baseline 0 -23"><span class='ocrx_word' id='word_1_29' title='bbox 167 551 421 609; x_wconf 84' lang='lat' dir='ltr'><strong>initium</strong></span> <span class='ocrx_word' id='word_1_30' title='bbox 449 557 535 603; x_wconf 83' lang='lat' dir='ltr'><strong>ast</strong></span> <span class='ocrx_word' id='word_1_31' title='bbox 562 547 849 609; x_wconf 83' lang='lat' dir='ltr'><strong>malorum</strong></span> <span class='ocrx_word' id='word_1_32' title='bbox 884 557 1217 600; x_wconf 83' lang='lat' dir='ltr'><strong>nostrorum</strong></span> <span class='ocrx_word' id='word_1_33' title='bbox 1245 547 1468 625; x_wconf 63' lang='lat' dir='ltr'><strong>agnitio</strong></span> <span class='ocrx_word' id='word_1_34' title='bbox 1486 564 1521 609; x_wconf 58' lang='lat'><strong>‚‘</strong></span> <span class='ocrx_word' id='word_1_35' title='bbox 1559 557 1618 598; x_wconf 87' lang='lat' dir='ltr'><strong>et</strong></span> <span class='ocrx_word' id='word_1_36' title='bbox 1646 547 1830 601; x_wconf 88' lang='lat' dir='ltr'><strong>divini</strong></span> <span class='ocrx_word' id='word_1_37' title='bbox 1861 548 2067 615; x_wconf 81' lang='lat' dir='ltr'><strong>iudicii</strong></span> <span class='ocrx_word' id='word_1_38' title='bbox 2092 567 2305 617; x_wconf 85' lang='lat' dir='ltr'><strong>sensus.</strong></span> <span class='ocrx_word' id='word_1_39' title='bbox 2376 555 2477 606; x_wconf 78' lang='lat' dir='ltr'><strong>In..</strong></span> 
     </span>
     <span class='ocr_line' id='line_1_5' title="bbox 169 614 2289 693; baseline -0.001 -20"><span class='ocrx_word' id='word_1_40' title='bbox 169 621 424 673; x_wconf 73' lang='lat' dir='ltr'><strong>sti-tutio</strong></span> <span class='ocrx_word' id='word_1_41' title='bbox 451 621 513 671; x_wconf 80' lang='lat' dir='ltr'><strong>in</strong></span> <span class='ocrx_word' id='word_1_42' title='bbox 540 620 774 671; x_wconf 77' lang='lat' dir='ltr'><strong>iustitia</strong></span> <span class='ocrx_word' id='word_1_43' title='bbox 788 619 897 686; x_wconf 74' lang='lat' dir='ltr'><strong>⁸pie</strong></span> <span class='ocrx_word' id='word_1_44' title='bbox 925 627 1252 687; x_wconf 53' lang='lat' dir='ltr'><strong>sancteque.</strong></span> <span class='ocrx_word' id='word_1_45' title='bbox 1272 615 1821 693; x_wconf 30' lang='lat' dir='ltr'><strong>&amp;vendi-rationem,</strong></span> <span class='ocrx_word' id='word_1_46' title='bbox 1848 614 2157 687; x_wconf 70' lang='lat' dir='ltr'><strong>siguificat.</strong></span> <span class='ocrx_word' id='word_1_47' title='bbox 2284 618 2289 629; x_wconf 81' lang='grc'><em>“</em></span> 
     </span>
    </p>
   </div>
   <div class='ocr_carea' id='block_1_3' title="bbox 320 702 2485 773">
    <p class='ocr_par' dir='ltr' id='par_1_3' title="bbox 320 702 2485 773">
     <span class='ocr_line' id='line_1_6' title="bbox 320 702 2485 773; baseline 0.003 -18"><span class='ocrx_word' id='word_1_48' title='bbox 320 703 407 756; x_wconf 79' lang='lat'><strong>17.</strong></span> <span class='ocrx_word' id='word_1_49' title='bbox 485 705 559 755; x_wconf 82' lang='lat' dir='ltr'><strong>Ut</strong></span> <span class='ocrx_word' id='word_1_50' title='bbox 585 705 811 769; x_wconf 71' lang='lat' dir='ltr'><strong>integer</strong></span> <span class='ocrx_word' id='word_1_51' title='bbox 835 702 937 757; x_wconf 78' lang='lat' dir='ltr'><strong>sit‘.</strong></span> <span class='ocrx_word' id='word_1_52' title='bbox 1010 706 1247 771; x_wconf 84' lang='lat' dir='ltr'><strong>Integer</strong></span> <span class='ocrx_word' id='word_1_53' title='bbox 1271 719 1375 773; x_wconf 87' lang='lat' dir='ltr'><strong>pro</strong></span> <span class='ocrx_word' id='word_1_54' title='bbox 1405 702 1670 754; x_wconf 86' lang='lat' dir='ltr'><strong>absoluto</strong></span> <span class='ocrx_word' id='word_1_55' title='bbox 1700 705 1929 771; x_wconf 85' lang='lat' dir='ltr'><strong>capitur</strong></span> <span class='ocrx_word' id='word_1_56' title='bbox 1947 743 1964 769; x_wconf 94' lang='lat'><strong>,</strong></span> <span class='ocrx_word' id='word_1_57' title='bbox 2000 705 2059 756; x_wconf 87' lang='lat' dir='ltr'><strong>in</strong></span> <span class='ocrx_word' id='word_1_58' title='bbox 2089 721 2202 773; x_wconf 82' lang='lat' dir='ltr'><strong>quo</strong></span> <span class='ocrx_word' id='word_1_59' title='bbox 2228 704 2375 759; x_wconf 84' lang='lat' dir='ltr'><strong>nihil</strong></span> <span class='ocrx_word' id='word_1_60' title='bbox 2403 705 2485 761; x_wconf 56' lang='lat' dir='ltr'><strong>sit*</strong></span> 
     </span>
    </p>
   </div>
   <div class='ocr_carea' id='block_1_4' title="bbox 171 770 2587 844">
    <p class='ocr_par' dir='ltr' id='par_1_4' title="bbox 171 770 2587 844">
     <span class='ocr_line' id='line_1_7' title="bbox 171 770 2587 844; baseline 0.002 -20"><span class='ocrx_word' id='word_1_61' title='bbox 171 774 479 831; x_wconf 80' lang='lat' dir='ltr'><strong>mutilum.</strong></span> <span class='ocrx_word' id='word_1_62' title='bbox 553 773 912 840; x_wconf 76' lang='lat' dir='ltr'>Simpliciter</span> <span class='ocrx_word' id='word_1_63' title='bbox 942 775 1103 825; x_wconf 88' lang='lat' dir='ltr'><strong>enim</strong></span> <span class='ocrx_word' id='word_1_64' title='bbox 1137 773 1379 841; x_wconf 73' lang='lat' dir='ltr'><strong>asserit,</strong></span> <span class='ocrx_word' id='word_1_65' title='bbox 1422 773 1781 841; x_wconf 87' lang='lat' dir='ltr'><strong>Scripturam</strong></span> <span class='ocrx_word' id='word_1_66' title='bbox 1813 777 1885 829; x_wconf 82' lang='lat' dir='ltr'><strong>ad</strong></span> <span class='ocrx_word' id='word_1_67' title='bbox 1910 777 2333 844; x_wconf 64' lang='lat' dir='ltr'><strong>perfectionem</strong></span> <span class='ocrx_word' id='word_1_68' title='bbox 2360 777 2480 829; x_wconf 67' lang='lat' dir='ltr'><strong>suf-</strong></span> <span class='ocrx_word' id='word_1_69' title='bbox 2549 780 2553 787; x_wconf 89' lang='lat'>&#39;</span> <span class='ocrx_word' id='word_1_70' title='bbox 2580 770 2587 782; x_wconf 84' lang='grc'><strong>’</strong></span> 
     </span>
    </p>
   </div>
   <div class='ocr_carea' id='block_1_5' title="bbox 153 843 2475 1124">
    <p class='ocr_par' dir='ltr' id='par_1_5' title="bbox 153 843 2475 1124">
     <span class='ocr_line' id='line_1_8' title="bbox 153 843 2475 914; baseline 0.001 -19"><span class='ocrx_word' id='word_1_71' title='bbox 153 843 383 897; x_wconf 76' lang='lat' dir='ltr'><strong>ficere.</strong></span> <span class='ocrx_word' id='word_1_72' title='bbox 454 844 606 911; x_wconf 87' lang='lat' dir='ltr'><strong>Ergo</strong></span> <span class='ocrx_word' id='word_1_73' title='bbox 633 844 895 913; x_wconf 84' lang='lat' dir='ltr'><strong>quisquis</strong></span> <span class='ocrx_word' id='word_1_74' title='bbox 924 844 1231 911; x_wconf 76' lang='lat' dir='ltr'><strong>Scriptura</strong></span> <span class='ocrx_word' id='word_1_75' title='bbox 1264 852 1575 895; x_wconf 84' lang='lat' dir='ltr'><strong>contentus</strong></span> <span class='ocrx_word' id='word_1_76' title='bbox 1602 859 1718 894; x_wconf 83' lang='lat' dir='ltr'><strong>nen</strong></span> <span class='ocrx_word' id='word_1_77' title='bbox 1746 854 1866 910; x_wconf 87' lang='lat' dir='ltr'><strong>est,</strong></span> <span class='ocrx_word' id='word_1_78' title='bbox 1918 846 2044 912; x_wconf 87' lang='lat' dir='ltr'><strong>plus</strong></span> <span class='ocrx_word' id='word_1_79' title='bbox 2074 862 2277 914; x_wconf 80' lang='lat' dir='ltr'><strong>sapere</strong></span> <span class='ocrx_word' id='word_1_80' title='bbox 2307 863 2475 914; x_wconf 70' lang='lat' dir='ltr'><strong>eape-</strong></span> 
     </span>
     <span class='ocr_line' id='line_1_9' title="bbox 163 912 2468 985; baseline 0.001 -20"><span class='ocrx_word' id='word_1_81' title='bbox 163 914 275 974; x_wconf 82' lang='lat' dir='ltr'><strong>tit,</strong></span> <span class='ocrx_word' id='word_1_82' title='bbox 312 929 492 982; x_wconf 85' lang='lat' dir='ltr'><strong>quam</strong></span> <span class='ocrx_word' id='word_1_83' title='bbox 521 924 791 981; x_wconf 87' lang='lat' dir='ltr'><strong>oporteat</strong></span> <span class='ocrx_word' id='word_1_84' title='bbox 818 914 906 965; x_wconf 85' lang='lat' dir='ltr'><strong>vel</strong></span> <span class='ocrx_word' id='word_1_85' title='bbox 936 914 1221 983; x_wconf 86' lang='lat' dir='ltr'><strong>expediat.</strong></span> <span class='ocrx_word' id='word_1_86' title='bbox 1290 915 1508 965; x_wconf 86' lang='lat' dir='ltr'><strong>Verum</strong></span> <span class='ocrx_word' id='word_1_87' title='bbox 1536 912 1633 964; x_wconf 88' lang='lat' dir='ltr'><strong>hic</strong></span> <span class='ocrx_word' id='word_1_88' title='bbox 1661 914 1933 966; x_wconf 87' lang='lat' dir='ltr'><strong>obiicitur</strong></span> <span class='ocrx_word' id='word_1_89' title='bbox 1962 918 2253 985; x_wconf 83' lang='lat' dir='ltr'>quaestio:</span> <span class='ocrx_word' id='word_1_90' title='bbox 2292 932 2468 983; x_wconf 87' lang='lat' dir='ltr'><strong>quum</strong></span> 
     </span>
     <span class='ocr_line' id='line_1_10' title="bbox 164 983 2471 1054; baseline 0 -17"><span class='ocrx_word' id='word_1_91' title='bbox 164 983 392 1037; x_wconf 87' lang='lat' dir='ltr'><strong>Paulus</strong></span> <span class='ocrx_word' id='word_1_92' title='bbox 416 985 486 1036; x_wconf 80' lang='lat' dir='ltr'><strong>de</strong></span> <span class='ocrx_word' id='word_1_93' title='bbox 506 985 807 1052; x_wconf 79' lang='lat' dir='ltr'><strong>Scriptura</strong></span> <span class='ocrx_word' id='word_1_94' title='bbox 834 984 1129 1054; x_wconf 86' lang='lat' dir='ltr'><strong>loquatur,</strong></span> <span class='ocrx_word' id='word_1_95' title='bbox 1169 1000 1317 1053; x_wconf 81' lang='lat' dir='ltr'><strong>quae</strong></span> <span class='ocrx_word' id='word_1_96' title='bbox 1344 992 1612 1039; x_wconf 78' lang='lat' dir='ltr'><strong>censetur</strong></span> <span class='ocrx_word' id='word_1_97' title='bbox 1640 986 1746 1039; x_wconf 75' lang='lat' dir='ltr'><strong>sub</strong></span> <span class='ocrx_word' id='word_1_98' title='bbox 1774 986 2011 1039; x_wconf 84' lang='lat' dir='ltr'><strong>nomine</strong></span> <span class='ocrx_word' id='word_1_99' title='bbox 2029 985 2254 1039; x_wconf 75' lang='lat' dir='ltr'><strong>Veteris</strong></span> <span class='ocrx_word' id='word_1_100' title='bbox 2270 988 2471 1039; x_wconf 78' lang='lat' dir='ltr'><strong>Testa-</strong></span> 
     </span>
     <span class='ocr_line' id='line_1_11' title="bbox 165 1054 2475 1124; baseline 0.001 -17"><span class='ocrx_word' id='word_1_101' title='bbox 165 1055 359 1107; x_wconf 81' lang='lat' dir='ltr'><strong>menti</strong></span> <span class='ocrx_word' id='word_1_102' title='bbox 379 1092 397 1120; x_wconf 94' lang='lat'><strong>,</strong></span> <span class='ocrx_word' id='word_1_103' title='bbox 453 1055 742 1124; x_wconf 79' lang='lat' dir='ltr'><strong>quomodo</strong></span> <span class='ocrx_word' id='word_1_104' title='bbox 776 1072 846 1107; x_wconf 91' lang='lat' dir='ltr'><strong>ea</strong></span> <span class='ocrx_word' id='word_1_105' title='bbox 872 1055 1098 1107; x_wconf 90' lang='lat' dir='ltr'><strong>dicatur</strong></span> <span class='ocrx_word' id='word_1_106' title='bbox 1115 1054 1424 1107; x_wconf 83' lang='lat' dir='ltr'><strong>&#39;hominem</strong></span> <span class='ocrx_word' id='word_1_107' title='bbox 1448 1055 1613 1106; x_wconf 84' lang='lat' dir='ltr'><strong>omni</strong></span> <span class='ocrx_word' id='word_1_108' title='bbox 1644 1066 1908 1122; x_wconf 74' lang='lat' dir='ltr'><strong>exparte</strong></span> <span class='ocrx_word' id='word_1_109' title='bbox 1932 1055 2250 1108; x_wconf 76' lang='lat' dir='ltr'><strong>absolvere.</strong></span> <span class='ocrx_word' id='word_1_110' title='bbox 2322 1058 2475 1110; x_wconf 85' lang='lat' dir='ltr'><strong>Nam</strong></span> 
     </span>
    </p>
   </div>
   <div class='ocr_carea' id='block_1_6' title="bbox 59 1125 2506 1195">
    <p class='ocr_par' dir='ltr' id='par_1_6' title="bbox 59 1125 2506 1195">
     <span class='ocr_line' id='line_1_12' title="bbox 59 1125 2506 1195; baseline 0.001 -16"><span class='ocrx_word' id='word_1_111' title='bbox 59 1170 68 1179; x_wconf 74' lang='grc'><strong><em>,</em></strong></span> <span class='ocrx_word' id='word_1_112' title='bbox 161 1126 219 1183; x_wconf 68' lang='lat' dir='ltr'><strong>‚i</strong></span> <span class='ocrx_word' id='word_1_113' title='bbox 245 1125 334 1176; x_wconf 88' lang='lat' dir='ltr'><strong>ita</strong></span> <span class='ocrx_word' id='word_1_114' title='bbox 365 1134 492 1195; x_wconf 85' lang='lat' dir='ltr'><strong>est,</strong></span> <span class='ocrx_word' id='word_1_115' title='bbox 543 1125 772 1177; x_wconf 85' lang='lat' dir='ltr'><strong>videtur</strong></span> <span class='ocrx_word' id='word_1_116' title='bbox 808 1143 932 1178; x_wconf 85' lang='lat' dir='ltr'><strong>esse</strong></span> <span class='ocrx_word' id='word_1_117' title='bbox 970 1140 1426 1195; x_wconf 75' lang='lat' dir='ltr'><strong>supervacuum,</strong></span> <span class='ocrx_word' id='word_1_118' title='bbox 1478 1126 1757 1193; x_wconf 85' lang='lat' dir='ltr'><strong>quicquid</strong></span> <span class='ocrx_word' id='word_1_119' title='bbox 1796 1126 2005 1177; x_wconf 85' lang='lat' dir='ltr'><strong>deinde</strong></span> <span class='ocrx_word' id='word_1_120' title='bbox 2042 1143 2146 1193; x_wconf 91' lang='lat' dir='ltr'><strong>per</strong></span> <span class='ocrx_word' id='word_1_121' title='bbox 2172 1127 2506 1193; x_wconf 76' lang='lat' dir='ltr'><strong>Apostolos&#39;&#39;</strong></span> 
     </span>
    </p>
   </div>
   <div class='ocr_carea' id='block_1_7' title="bbox 161 1195 2540 1759">
    <p class='ocr_par' dir='ltr' id='par_1_7' title="bbox 161 1195 2540 1759">
     <span class='ocr_line' id='line_1_13' title="bbox 167 1195 2475 1265; baseline 0.001 -16"><span class='ocrx_word' id='word_1_122' title='bbox 167 1196 443 1249; x_wconf 79' lang='lat' dir='ltr'><strong>accessit.</strong></span> <span class='ocrx_word' id='word_1_123' title='bbox 513 1195 896 1263; x_wconf 72' lang='lat' dir='ltr'><strong>Responfleo,</strong></span> <span class='ocrx_word' id='word_1_124' title='bbox 958 1206 1244 1265; x_wconf 80' lang='lat' dir='ltr'><strong>quantum</strong></span> <span class='ocrx_word' id='word_1_125' title='bbox 1282 1195 1356 1247; x_wconf 86' lang='lat' dir='ltr'><strong>ad</strong></span> <span class='ocrx_word' id='word_1_126' title='bbox 1396 1195 1787 1249; x_wconf 78' lang='lat' dir='ltr'><strong>substantiam</strong></span> <span class='ocrx_word' id='word_1_127' title='bbox 1815 1205 2074 1264; x_wconf 84' lang='lat' dir='ltr'><strong>spectat,</strong></span> <span class='ocrx_word' id='word_1_128' title='bbox 2123 1195 2270 1250; x_wconf 85' lang='lat' dir='ltr'><strong>nibil</strong></span> <span class='ocrx_word' id='word_1_129' title='bbox 2299 1197 2475 1252; x_wconf 75' lang='lat' dir='ltr'><strong>fuisse</strong></span> 
     </span>
     <span class='ocr_line' id='line_1_14' title="bbox 167 1265 2467 1336; baseline 0 -17"><span class='ocrx_word' id='word_1_130' title='bbox 167 1267 496 1319; x_wconf 52' lang='lat' dir='ltr'><strong>additum.»</strong></span> <span class='ocrx_word' id='word_1_131' title='bbox 529 1265 692 1318; x_wconf 85' lang='lat' dir='ltr'><strong>Nihil</strong></span> <span class='ocrx_word' id='word_1_132' title='bbox 719 1267 876 1318; x_wconf 86' lang='lat' dir='ltr'><strong>enim</strong></span> <span class='ocrx_word' id='word_1_133' title='bbox 904 1266 1643 1334; x_wconf 77' lang='lat' dir='ltr'><strong>continent-Apostolorum</strong></span> <span class='ocrx_word' id='word_1_134' title='bbox 1680 1268 1899 1335; x_wconf 79' lang='lat' dir='ltr'><strong>scripta</strong></span> <span class='ocrx_word' id='word_1_135' title='bbox 1930 1283 2108 1336; x_wconf 85' lang='lat' dir='ltr'><strong>quam</strong></span> <span class='ocrx_word' id='word_1_136' title='bbox 2138 1283 2467 1320; x_wconf 83' lang='lat' dir='ltr'><strong>meramac</strong></span> 
     </span>
     <span class='ocr_line' id='line_1_15' title="bbox 162 1334 2475 1407; baseline 0 -18"><span class='ocrx_word' id='word_1_137' title='bbox 162 1352 519 1407; x_wconf 73' lang='lat' dir='ltr'><strong>germanam</strong></span> <span class='ocrx_word' id='word_1_138' title='bbox 550 1337 722 1405; x_wconf 78' lang='lat' dir='ltr'><strong>Legis</strong></span> <span class='ocrx_word' id='word_1_139' title='bbox 745 1348 804 1388; x_wconf 88' lang='lat' dir='ltr'><strong>et</strong></span> <span class='ocrx_word' id='word_1_140' title='bbox 831 1337 1251 1405; x_wconf 66' lang='lat' dir='ltr'><strong>Prophetarum</strong></span> <span class='ocrx_word' id='word_1_141' title='bbox 1279 1352 1349 1388; x_wconf 69' lang='lat' dir='ltr'><strong>ex</strong></span> <span class='ocrx_word' id='word_1_142' title='bbox 1392 1336 1878 1390; x_wconf 75' lang='lat' dir='ltr'><strong>licationcmuna</strong></span> <span class='ocrx_word' id='word_1_143' title='bbox 1906 1354 2040 1390; x_wconf 88' lang='lat' dir='ltr'><strong>cum</strong></span> <span class='ocrx_word' id='word_1_144' title='bbox 2075 1334 2273 1389; x_wconf 83' lang='lat' dir='ltr'><strong>rer-um</strong></span> <span class='ocrx_word' id='word_1_145' title='bbox 2311 1337 2475 1390; x_wconf 69' lang='lat' dir='ltr'><strong>exhi-</strong></span> 
     </span>
     <span class='ocr_line' id='line_1_16' title="bbox 165 1354 2473 1478; baseline -0 -17"><span class='ocrx_word' id='word_1_146' title='bbox 165 1409 425 1461; x_wconf 77' lang='lat' dir='ltr'><strong>bitione.</strong></span> <span class='ocrx_word' id='word_1_147' title='bbox 493 1406 742 1459; x_wconf 82' lang='lat' dir='ltr'><strong>Proinde</strong></span> <span class='ocrx_word' id='word_1_148' title='bbox 762 1407 883 1460; x_wconf 65' lang='lat' dir='ltr'><strong>‘hoc</strong></span> <span class='ocrx_word' id='word_1_149' title='bbox 910 1409 1100 1478; x_wconf 82' lang='lat' dir='ltr'><strong>elogio</strong></span> <span class='ocrx_word' id='word_1_150' title='bbox 1126 1424 1244 1458; x_wconf 91' lang='lat' dir='ltr'><strong>non</strong></span> <span class='ocrx_word' id='word_1_151' title='bbox 1275 1354 1430 1458; x_wconf 55' lang='lat' dir='ltr'><strong>mfie</strong></span> <span class='ocrx_word' id='word_1_152' title='bbox 1459 1407 1829 1475; x_wconf 69' lang='lat' dir='ltr'><strong>scripturam</strong></span> <span class='ocrx_word' id='word_1_153' title='bbox 1850 1410 2060 1469; x_wconf 84' lang='lat' dir='ltr'><strong>Paulus</strong></span> <span class='ocrx_word' id='word_1_154' title='bbox 2090 1407 2361 1470; x_wconf 66' lang='lat' dir='ltr'><strong>ornavit,</strong></span> <span class='ocrx_word' id='word_1_155' title='bbox 2410 1418 2473 1462; x_wconf 75' lang='lat' dir='ltr'><strong>at</strong></span> 
     </span>
     <span class='ocr_line' id='line_1_17' title="bbox 165 1476 2472 1550; baseline 0 -21"><span class='ocrx_word' id='word_1_156' title='bbox 165 1494 350 1550; x_wconf 82' lang='lat' dir='ltr'><strong>quum</strong></span> <span class='ocrx_word' id='word_1_157' title='bbox 391 1476 571 1528; x_wconf 77' lang='lat' dir='ltr'><strong>hodie</strong></span> <span class='ocrx_word' id='word_1_158' title='bbox 609 1477 839 1547; x_wconf 81' lang='lat' dir='ltr'><strong>plenior</strong></span> <span class='ocrx_word' id='word_1_159' title='bbox 872 1479 946 1531; x_wconf 84' lang='lat' dir='ltr'><strong>sit</strong></span> <span class='ocrx_word' id='word_1_160' title='bbox 987 1489 1047 1531; x_wconf 90' lang='lat' dir='ltr'><strong>et</strong></span> <span class='ocrx_word' id='word_1_161' title='bbox 1084 1478 1440 1533; x_wconf 76' lang='lat' dir='ltr'><strong>luculentior</strong></span> <span class='ocrx_word' id='word_1_162' title='bbox 1476 1479 1783 1546; x_wconf 74' lang='lat' dir='ltr'><strong>Evangelii</strong></span> <span class='ocrx_word' id='word_1_163' title='bbox 1822 1480 2157 1532; x_wconf 77' lang='lat' dir='ltr'><strong>accessione</strong></span> <span class='ocrx_word' id='word_1_164' title='bbox 2198 1479 2323 1531; x_wconf 79' lang='lat' dir='ltr'><strong>eius</strong></span> <span class='ocrx_word' id='word_1_165' title='bbox 2367 1477 2472 1530; x_wconf 81' lang='lat' dir='ltr'><strong>do-</strong></span> 
     </span>
     <span class='ocr_line' id='line_1_18' title="bbox 162 1547 2469 1618; baseline 0 -18"><span class='ocrx_word' id='word_1_166' title='bbox 162 1551 398 1613; x_wconf 76' lang='lat' dir='ltr'><strong>ctrina,</strong></span> <span class='ocrx_word' id='word_1_167' title='bbox 451 1547 587 1615; x_wconf 86' lang='lat' dir='ltr'><strong>quid</strong></span> <span class='ocrx_word' id='word_1_168' title='bbox 628 1548 745 1599; x_wconf 85' lang='lat' dir='ltr'><strong>dici</strong></span> <span class='ocrx_word' id='word_1_169' title='bbox 780 1557 1011 1618; x_wconf 85' lang='lat' dir='ltr'><strong>potest,</strong></span> <span class='ocrx_word' id='word_1_170' title='bbox 1037 1554 1046 1558; x_wconf 76' lang='grc'><strong><em>”</em></strong></span> <span class='ocrx_word' id='word_1_171' title='bbox 1062 1549 1175 1600; x_wconf 85' lang='lat' dir='ltr'><strong>nisi</strong></span> <span class='ocrx_word' id='word_1_172' title='bbox 1219 1556 1379 1599; x_wconf 84' lang='lat' dir='ltr'><strong>certo</strong></span> <span class='ocrx_word' id='word_1_173' title='bbox 1422 1550 1809 1618; x_wconf 87' lang='lat' dir='ltr'><strong>sperandum,</strong></span> <span class='ocrx_word' id='word_1_174' title='bbox 1867 1560 1934 1601; x_wconf 79' lang='lat' dir='ltr'><strong>ut</strong></span> <span class='ocrx_word' id='word_1_175' title='bbox 1960 1549 2143 1602; x_wconf 84' lang='lat' dir='ltr'><strong>multo</strong></span> <span class='ocrx_word' id='word_1_176' title='bbox 2189 1551 2372 1618; x_wconf 77' lang='lat' dir='ltr'><strong>magis</strong></span> <span class='ocrx_word' id='word_1_177' title='bbox 2407 1565 2469 1601; x_wconf 78' lang='lat' dir='ltr'><strong>sa</strong></span> 
     </span>
     <span class='ocr_line' id='line_1_19' title="bbox 161 1617 2540 1688; baseline 0.003 -17"><span class='ocrx_word' id='word_1_178' title='bbox 161 1627 402 1671; x_wconf 82' lang='lat' dir='ltr'><strong>exserat</strong></span> <span class='ocrx_word' id='word_1_179' title='bbox 429 1618 822 1680; x_wconf 76' lang='lat' dir='ltr'><strong>ista-utilitas,</strong></span> <span class='ocrx_word' id='word_1_180' title='bbox 873 1636 1048 1688; x_wconf 86' lang='lat' dir='ltr'><strong>quam</strong></span> <span class='ocrx_word' id='word_1_181' title='bbox 1074 1617 1285 1673; x_wconf 82' lang='lat' dir='ltr'><strong>Paulus</strong></span> <span class='ocrx_word' id='word_1_182' title='bbox 1314 1617 1646 1688; x_wconf 86' lang='lat' dir='ltr'><strong>praedicat,</strong></span> <span class='ocrx_word' id='word_1_183' title='bbox 1701 1621 1750 1673; x_wconf 85' lang='lat' dir='ltr'><strong>si</strong></span> <span class='ocrx_word' id='word_1_184' title='bbox 1788 1621 1958 1674; x_wconf 80' lang='lat' dir='ltr'><strong>nobis</strong></span> <span class='ocrx_word' id='word_1_185' title='bbox 1997 1621 2189 1688; x_wconf 84' lang='lat' dir='ltr'><strong>ipsam</strong></span> <span class='ocrx_word' id='word_1_186' title='bbox 2215 1619 2466 1687; x_wconf 80' lang='lat' dir='ltr'><strong>experiri</strong></span> <span class='ocrx_word' id='word_1_187' title='bbox 2532 1662 2540 1676; x_wconf 91' lang='lat'><strong>.</strong></span> 
     </span>
     <span class='ocr_line' id='line_1_20' title="bbox 162 1687 2172 1759; baseline -0.004 -16"><span class='ocrx_word' id='word_1_188' title='bbox 162 1690 355 1759; x_wconf 71' lang='lat' dir='ltr'><strong>libeat</strong></span> <span class='ocrx_word' id='word_1_189' title='bbox 384 1705 458 1742; x_wconf 83' lang='lat' dir='ltr'><strong>ac</strong></span> <span class='ocrx_word' id='word_1_190' title='bbox 485 1687 831 1759; x_wconf 73' lang='lat' dir='ltr'><strong>percipere?</strong></span> <span class='ocrx_word' id='word_1_191' title='bbox 1265 1712 1268 1721; x_wconf 93' lang='lat'>·</span> <span class='ocrx_word' id='word_1_192' title='bbox 2142 1693 2172 1707; x_wconf 55' lang='lat'><strong>‘²</strong></span> 
     </span>
    </p>
   </div>
   <div class='ocr_carea' id='block_1_8' title="bbox 1092 1905 1532 2001">
    <p class='ocr_par' dir='ltr' id='par_1_8' title="bbox 1049 1905 1532 2001">
     <span class='ocr_line' id='line_1_21' title="bbox 1092 1905 1532 2001; baseline -0.004 -26.178"><span class='ocrx_word' id='word_1_193' title='bbox 1092 1905 1329 2001; x_wconf 32' lang='lat' dir='ltr'>&#39;CAR</span> <span class='ocrx_word' id='word_1_194' title='bbox 1397 1905 1532 1977; x_wconf 89' lang='lat' dir='ltr'><strong>IV.</strong></span> 
     </span>
    </p>
   </div>
   <div class='ocr_carea' id='block_1_9' title="bbox 151 2029 2488 2737">
    <p class='ocr_par' dir='ltr' id='par_1_9' title="bbox 151 2029 2488 2737">
     <span class='ocr_line' id='line_1_22' title="bbox 172 2029 2488 2150; baseline 0.001 -25"><span class='ocrx_word' id='word_1_195' title='bbox 172 2066 227 2125; x_wconf 78' lang='lat'><strong>¹.</strong></span> <span class='ocrx_word' id='word_1_196' title='bbox 274 2029 639 2124; x_wconf 75' lang='lat' dir='ltr'><strong>obtestor</strong></span> <span class='ocrx_word' id='word_1_197' title='bbox 674 2065 884 2150; x_wconf 87' lang='lat' dir='ltr'><strong>igitur</strong></span> <span class='ocrx_word' id='word_1_198' title='bbox 931 2083 1057 2148; x_wconf 88' lang='lat' dir='ltr'><strong>ego</strong></span> <span class='ocrx_word' id='word_1_199' title='bbox 1105 2082 1330 2128; x_wconf 83' lang='lat' dir='ltr'><strong>coram</strong></span> <span class='ocrx_word' id='word_1_200' title='bbox 1361 2063 1512 2128; x_wconf 91' lang='lat' dir='ltr'><strong>Deo</strong></span> <span class='ocrx_word' id='word_1_201' title='bbox 1547 2075 1615 2128; x_wconf 85' lang='lat' dir='ltr'><strong>et</strong></span> <span class='ocrx_word' id='word_1_202' title='bbox 1644 2064 1939 2128; x_wconf 87' lang='lat' dir='ltr'><strong>Domino</strong></span> <span class='ocrx_word' id='word_1_203' title='bbox 1981 2061 2133 2126; x_wconf 88' lang='lat' dir='ltr'><strong>Iesu</strong></span> <span class='ocrx_word' id='word_1_204' title='bbox 2165 2059 2488 2142; x_wconf 71' lang='lat' dir='ltr'><strong>Christe,</strong></span> 
     </span>
     <span class='ocr_line' id='line_1_23' title="bbox 167 2145 2466 2237; baseline 0.001 -29"><span class='ocrx_word' id='word_1_205' title='bbox 167 2150 292 2229; x_wconf 51' lang='lat' dir='ltr'><strong>qui*</strong></span> <span class='ocrx_word' id='word_1_206' title='bbox 312 2145 741 2217; x_wconf 83' lang='lat' dir='ltr'><strong>iudicaturus</strong></span> <span class='ocrx_word' id='word_1_207' title='bbox 770 2161 872 2212; x_wconf 90' lang='lat' dir='ltr'><strong>est</strong></span> <span class='ocrx_word' id='word_1_208' title='bbox 899 2152 1085 2214; x_wconf 87' lang='lat' dir='ltr'><strong>vivos</strong></span> <span class='ocrx_word' id='word_1_209' title='bbox 1119 2160 1186 2213; x_wconf 85' lang='lat' dir='ltr'><strong>et</strong></span> <span class='ocrx_word' id='word_1_210' title='bbox 1211 2161 1521 2214; x_wconf 87' lang='lat' dir='ltr'><strong>mortuos</strong></span> <span class='ocrx_word' id='word_1_211' title='bbox 1558 2152 1630 2214; x_wconf 90' lang='lat' dir='ltr'><strong>in</strong></span> <span class='ocrx_word' id='word_1_212' title='bbox 1666 2151 2084 2237; x_wconf 80' lang='lat' dir='ltr'><strong>apparitione</strong></span> <span class='ocrx_word' id='word_1_213' title='bbox 2117 2168 2238 2211; x_wconf 85' lang='lat' dir='ltr'><strong>sua</strong></span> <span class='ocrx_word' id='word_1_214' title='bbox 2283 2159 2352 2213; x_wconf 89' lang='lat' dir='ltr'><strong>et</strong></span> <span class='ocrx_word' id='word_1_215' title='bbox 2390 2152 2466 2211; x_wconf 83' lang='lat' dir='ltr'><strong>in</strong></span> 
     </span>
     <span class='ocr_line' id='line_1_24' title="bbox 167 2226 2463 2318; baseline 0.001 -26"><span class='ocrx_word' id='word_1_216' title='bbox 167 2250 383 2317; x_wconf 88' lang='lat' dir='ltr'><strong>regno</strong></span> <span class='ocrx_word' id='word_1_217' title='bbox 424 2226 585 2295; x_wconf 84' lang='lat' dir='ltr'><strong>suo:</strong></span> <span class='ocrx_word' id='word_1_218' title='bbox 677 2236 741 2294; x_wconf 86' lang='lat'><strong>2.</strong></span> <span class='ocrx_word' id='word_1_219' title='bbox 800 2233 1119 2298; x_wconf 86' lang='lat' dir='ltr'><strong>Praedica</strong></span> <span class='ocrx_word' id='word_1_220' title='bbox 1143 2232 1579 2312; x_wconf 73' lang='lat' dir='ltr'><strong>sermonem,</strong></span> <span class='ocrx_word' id='word_1_221' title='bbox 1636 2236 1814 2300; x_wconf 80' lang='lat' dir='ltr'><strong>insta</strong></span> <span class='ocrx_word' id='word_1_222' title='bbox 1854 2235 2290 2318; x_wconf 86' lang='lat' dir='ltr'><strong>tempestive,</strong></span> <span class='ocrx_word' id='word_1_223' title='bbox 2345 2237 2463 2305; x_wconf 84' lang='lat' dir='ltr'><strong>in—</strong></span> 
     </span>
     <span class='ocr_line' id='line_1_25' title="bbox 165 2315 2464 2406; baseline -0 -28"><span class='ocrx_word' id='word_1_224' title='bbox 165 2319 612 2404; x_wconf 82' lang='lat' dir='ltr'><strong>tempestive3</strong></span> <span class='ocrx_word' id='word_1_225' title='bbox 666 2335 744 2378; x_wconf 88' lang='lat' dir='ltr'><strong>ar</strong></span> <span class='ocrx_word' id='word_1_226' title='bbox 789 2340 906 2396; x_wconf 91' lang='lat' dir='ltr'><strong>ue,</strong></span> <span class='ocrx_word' id='word_1_227' title='bbox 958 2322 1275 2406; x_wconf 87' lang='lat' dir='ltr'><strong>increpa,</strong></span> <span class='ocrx_word' id='word_1_228' title='bbox 1307 2318 1607 2383; x_wconf 49' lang='lat' dir='ltr'><strong>¹hortare</strong></span> <span class='ocrx_word' id='word_1_229' title='bbox 1651 2341 1803 2383; x_wconf 88' lang='lat' dir='ltr'><strong>cum</strong></span> <span class='ocrx_word' id='word_1_230' title='bbox 1848 2322 2037 2383; x_wconf 90' lang='lat' dir='ltr'><strong>omni</strong></span> <span class='ocrx_word' id='word_1_231' title='bbox 2074 2315 2351 2381; x_wconf 86' lang='lat' dir='ltr'><strong>lenitate</strong></span> <span class='ocrx_word' id='word_1_232' title='bbox 2394 2327 2464 2381; x_wconf 87' lang='lat' dir='ltr'><strong>et</strong></span> 
     </span>
     <span class='ocr_line' id='line_1_26' title="bbox 169 2399 2470 2491; baseline 0 -28"><span class='ocrx_word' id='word_1_233' title='bbox 169 2399 508 2465; x_wconf 78' lang='lat' dir='ltr'><strong>doctrina.</strong></span> <span class='ocrx_word' id='word_1_234' title='bbox 596 2405 655 2466; x_wconf 84' lang='lat'><strong>3.</strong></span> <span class='ocrx_word' id='word_1_235' title='bbox 771 2422 879 2467; x_wconf 85' lang='lat' dir='ltr'><strong>am</strong></span> <span class='ocrx_word' id='word_1_236' title='bbox 910 2407 1038 2468; x_wconf 85' lang='lat' dir='ltr'><strong>erit</strong></span> <span class='ocrx_word' id='word_1_237' title='bbox 1067 2414 1374 2491; x_wconf 80' lang='lat' dir='ltr'><strong>tempuS‚</strong></span> <span class='ocrx_word' id='word_1_238' title='bbox 1419 2425 1627 2490; x_wconf 83' lang='lat' dir='ltr'><strong>quum</strong></span> <span class='ocrx_word' id='word_1_239' title='bbox 1659 2423 1885 2468; x_wconf 87' lang='lat' dir='ltr'><strong>sanam</strong></span> <span class='ocrx_word' id='word_1_240' title='bbox 1918 2403 2296 2486; x_wconf 71' lang='lat' dir='ltr'><strong>doctrinam</strong></span> <span class='ocrx_word' id='word_1_241' title='bbox 2325 2418 2470 2466; x_wconf 83' lang='lat' dir='ltr'><strong>non</strong></span> 
     </span>
     <span class='ocr_line' id='line_1_27' title="bbox 151 2489 2469 2577; baseline -0.002 -25"><span class='ocrx_word' id='word_1_242' title='bbox 151 2489 643 2570; x_wconf 85' lang='lat' dir='ltr'><strong>.sustinebunt;</strong></span> <span class='ocrx_word' id='word_1_243' title='bbox 711 2489 830 2553; x_wconf 84' lang='lat' dir='ltr'><strong>sed</strong></span> <span class='ocrx_word' id='word_1_244' title='bbox 888 2493 1082 2554; x_wconf 86' lang='lat' dir='ltr'><strong>iuxta</strong></span> <span class='ocrx_word' id='word_1_245' title='bbox 1137 2493 1721 2577; x_wconf 87' lang='lat' dir='ltr'><strong>concupiscentias</strong></span> <span class='ocrx_word' id='word_1_246' title='bbox 1773 2509 1922 2555; x_wconf 85' lang='lat' dir='ltr'><strong>suas</strong></span> <span class='ocrx_word' id='word_1_247' title='bbox 1977 2489 2469 2553; x_wconf 79' lang='lat' dir='ltr'><strong>coacervabunt</strong></span> 
     </span>
     <span class='ocr_line' id='line_1_28' title="bbox 168 2572 2463 2661; baseline 0 -27"><span class='ocrx_word' id='word_1_248' title='bbox 168 2574 300 2635; x_wconf 69' lang='lat' dir='ltr'><strong>sibi</strong></span> <span class='ocrx_word' id='word_1_249' title='bbox 327 2572 689 2652; x_wconf 81' lang='lat' dir='ltr'><strong>doctore8‚</strong></span> <span class='ocrx_word' id='word_1_250' title='bbox 721 2587 797 2637; x_wconf 89' lang='lat' dir='ltr'><strong>ut</strong></span> <span class='ocrx_word' id='word_1_251' title='bbox 822 2578 940 2658; x_wconf 86' lang='lat' dir='ltr'><strong>qui</strong></span> <span class='ocrx_word' id='word_1_252' title='bbox 966 2579 1279 2661; x_wconf 85' lang='lat' dir='ltr'><strong>prurient</strong></span> <span class='ocrx_word' id='word_1_253' title='bbox 1301 2578 1574 2660; x_wconf 72' lang='lat' dir='ltr'><strong>auribus</strong></span> <span class='ocrx_word' id='word_1_254' title='bbox 1593 2622 1614 2654; x_wconf 93' lang='lat'><strong>,</strong></span> <span class='ocrx_word' id='word_1_255' title='bbox 1659 2643 1662 2647; x_wconf 11' lang='grc' dir='ltr'><strong>Α</strong></span> <span class='ocrx_word' id='word_1_256' title='bbox 1696 2578 1758 2644; x_wconf 82' lang='lat'><strong>4.</strong></span> <span class='ocrx_word' id='word_1_257' title='bbox 1805 2575 1894 2636; x_wconf 89' lang='lat' dir='ltr'><strong>Et</strong></span> <span class='ocrx_word' id='word_1_258' title='bbox 1921 2593 1956 2636; x_wconf 86' lang='lat' dir='ltr'><strong>a</strong></span> <span class='ocrx_word' id='word_1_259' title='bbox 1986 2577 2269 2638; x_wconf 85' lang='lat' dir='ltr'><strong>veritate</strong></span> <span class='ocrx_word' id='word_1_260' title='bbox 2301 2576 2463 2655; x_wconf 85' lang='lat' dir='ltr'><strong>qui-</strong></span> 
     </span>
     <span class='ocr_line' id='line_1_29' title="bbox 171 2656 2121 2737; baseline 0.002 -19"><span class='ocrx_word' id='word_1_261' title='bbox 171 2656 322 2720; x_wconf 91' lang='lat' dir='ltr'><strong>dem</strong></span> <span class='ocrx_word' id='word_1_262' title='bbox 355 2676 561 2722; x_wconf 84' lang='lat' dir='ltr'><strong>aures</strong></span> <span class='ocrx_word' id='word_1_263' title='bbox 590 2671 933 2737; x_wconf 87' lang='lat' dir='ltr'><strong>avertent,</strong></span> <span class='ocrx_word' id='word_1_264' title='bbox 970 2661 1052 2723; x_wconf 90' lang='lat' dir='ltr'><strong>ad</strong></span> <span class='ocrx_word' id='word_1_265' title='bbox 1079 2659 1338 2725; x_wconf 84' lang='lat' dir='ltr'><strong>fabulas</strong></span> <span class='ocrx_word' id='word_1_266' title='bbox 1364 2674 1588 2725; x_wconf 87' lang='lat' dir='ltr'><strong>autem</strong></span> <span class='ocrx_word' id='word_1_267' title='bbox 1619 2670 2121 2726; x_wconf 76' lang='lat' dir='ltr'><strong>convertentur.</strong></span> 
     </span>
    </p>
   </div>
   <div class='ocr_carea' id='block_1_10' title="bbox 168 2792 2547 4415">
    <p class='ocr_par' dir='ltr' id='par_1_10' title="bbox 168 2792 2547 4415">
     <span class='ocr_line' id='line_1_30' title="bbox 307 2792 2465 2866; baseline -0.002 -20"><span class='ocrx_word' id='word_1_268' title='bbox 307 2795 392 2847; x_wconf 60' lang='lat'><strong>1.“</strong></span> <span class='ocrx_word' id='word_1_269' title='bbox 440 2792 717 2847; x_wconf 78' lang='lat' dir='ltr'><strong>Obtestor</strong></span> <span class='ocrx_word' id='word_1_270' title='bbox 764 2798 968 2862; x_wconf 77' lang='lat' dir='ltr'><strong>igitur.</strong></span> <span class='ocrx_word' id='word_1_271' title='bbox 1054 2798 1331 2851; x_wconf 87' lang='lat' dir='ltr'><strong>Notanda</strong></span> <span class='ocrx_word' id='word_1_272' title='bbox 1381 2806 1468 2848; x_wconf 87' lang='lat' dir='ltr'><strong>est</strong></span> <span class='ocrx_word' id='word_1_273' title='bbox 1516 2796 1830 2866; x_wconf 61' lang='lat' dir='ltr'><strong>diligente-21·</strong></span> <span class='ocrx_word' id='word_1_274' title='bbox 1869 2795 2090 2859; x_wconf 87' lang='lat' dir='ltr'><strong>illatio,</strong></span> <span class='ocrx_word' id='word_1_275' title='bbox 2155 2795 2288 2861; x_wconf 82' lang='lat' dir='ltr'><strong>quia</strong></span> <span class='ocrx_word' id='word_1_276' title='bbox 2329 2800 2465 2862; x_wconf 80' lang='lat' dir='ltr'><strong>apte</strong></span> 
     </span>
     <span class='ocr_line' id='line_1_31' title="bbox 172 2859 2467 2941; baseline 0.001 -31"><span class='ocrx_word' id='word_1_277' title='bbox 172 2859 540 2930; x_wconf 78' lang='lat' dir='ltr'><strong>scripturam</strong></span> <span class='ocrx_word' id='word_1_278' title='bbox 581 2881 715 2922; x_wconf 87' lang='lat' dir='ltr'><strong>cum</strong></span> <span class='ocrx_word' id='word_1_279' title='bbox 752 2868 1191 2934; x_wconf 83' lang='lat' dir='ltr'><strong>praedicatione</strong></span> <span class='ocrx_word' id='word_1_280' title='bbox 1231 2868 1545 2941; x_wconf 72' lang='lat' dir='ltr'><strong>connectit.</strong></span> <span class='ocrx_word' id='word_1_281' title='bbox 1617 2870 1744 2938; x_wconf 86' lang='lat' dir='ltr'><strong>Quo</strong></span> <span class='ocrx_word' id='word_1_282' title='bbox 1781 2868 1961 2918; x_wconf 87' lang='lat' dir='ltr'><strong>etiam</strong></span> <span class='ocrx_word' id='word_1_283' title='bbox 1993 2863 2282 2917; x_wconf 83' lang='lat' dir='ltr'><strong>refellitur</strong></span> <span class='ocrx_word' id='word_1_284' title='bbox 2318 2879 2467 2931; x_wconf 84' lang='lat' dir='ltr'><strong>quo-</strong></span> 
     </span>
     <span class='ocr_line' id='line_1_32' title="bbox 168 2933 2466 3007; baseline 0.001 -25"><span class='ocrx_word' id='word_1_285' title='bbox 168 2933 421 2990; x_wconf 69' lang='lat' dir='ltr'><strong>rundam</strong></span> <span class='ocrx_word' id='word_1_286' title='bbox 449 2934 846 2994; x_wconf 80' lang='lat' dir='ltr'><strong>fanaticorum</strong></span> <span class='ocrx_word' id='word_1_287' title='bbox 872 2939 1242 3007; x_wconf 83' lang='lat' dir='ltr'><strong>arrogantia,</strong></span> <span class='ocrx_word' id='word_1_288' title='bbox 1280 2940 1382 3007; x_wconf 84' lang='lat' dir='ltr'><strong>qui</strong></span> <span class='ocrx_word' id='word_1_289' title='bbox 1413 2938 1720 2990; x_wconf 88' lang='lat' dir='ltr'><strong>doctorum</strong></span> <span class='ocrx_word' id='word_1_290' title='bbox 1747 2953 1926 3005; x_wconf 88' lang='lat' dir='ltr'><strong>opera</strong></span> <span class='ocrx_word' id='word_1_291' title='bbox 1954 2954 2014 2987; x_wconf 92' lang='lat' dir='ltr'><strong>se</strong></span> <span class='ocrx_word' id='word_1_292' title='bbox 2044 2933 2191 2987; x_wconf 82' lang='lat' dir='ltr'><strong>nihil</strong></span> <span class='ocrx_word' id='word_1_293' title='bbox 2221 2934 2466 3001; x_wconf 86' lang='lat' dir='ltr'><strong>amplius</strong></span> 
     </span>
     <span class='ocr_line' id='line_1_33' title="bbox 169 3000 2547 3078; baseline 0.001 -26"><span class='ocrx_word' id='word_1_294' title='bbox 169 3000 433 3071; x_wconf 82' lang='lat' dir='ltr'><strong>indigere</strong></span> <span class='ocrx_word' id='word_1_295' title='bbox 465 3004 724 3071; x_wconf 81' lang='lat' dir='ltr'><strong>iactant,</strong></span> <span class='ocrx_word' id='word_1_296' title='bbox 771 3009 909 3076; x_wconf 78' lang='lat' dir='ltr'><strong>quia</strong></span> <span class='ocrx_word' id='word_1_297' title='bbox 943 3009 1173 3061; x_wconf 84' lang='lat' dir='ltr'><strong>abunde</strong></span> <span class='ocrx_word' id='word_1_298' title='bbox 1202 3010 1540 3075; x_wconf 88' lang='lat' dir='ltr'><strong>Scripturae</strong></span> <span class='ocrx_word' id='word_1_299' title='bbox 1569 3008 1745 3060; x_wconf 86' lang='lat' dir='ltr'><strong>lectio</strong></span> <span class='ocrx_word' id='word_1_300' title='bbox 1774 3007 2041 3061; x_wconf 80' lang='lat' dir='ltr'><strong>sufficiat.</strong></span> <span class='ocrx_word' id='word_1_301' title='bbox 2108 3006 2283 3074; x_wconf 85' lang='lat' dir='ltr'><strong>Atqui</strong></span> <span class='ocrx_word' id='word_1_302' title='bbox 2309 3005 2466 3055; x_wconf 88' lang='lat' dir='ltr'><strong>Pau-</strong></span> <span class='ocrx_word' id='word_1_303' title='bbox 2530 3009 2547 3078; x_wconf 85' lang='grc' dir='ltr'><strong> </strong></span> 
     </span>
     <span class='ocr_line' id='line_1_34' title="bbox 172 3069 2505 3144; baseline 0.001 -23"><span class='ocrx_word' id='word_1_304' title='bbox 172 3069 295 3139; x_wconf 81' lang='lat' dir='ltr'><strong>lus,</strong></span> <span class='ocrx_word' id='word_1_305' title='bbox 344 3073 448 3125; x_wconf 88' lang='lat' dir='ltr'><strong>ubi</strong></span> <span class='ocrx_word' id='word_1_306' title='bbox 492 3073 563 3124; x_wconf 90' lang='lat' dir='ltr'><strong>de</strong></span> <span class='ocrx_word' id='word_1_307' title='bbox 592 3075 931 3144; x_wconf 77' lang='lat' dir='ltr'><strong>scripturae</strong></span> <span class='ocrx_word' id='word_1_308' title='bbox 967 3080 1218 3131; x_wconf 85' lang='lat' dir='ltr'><strong>utilitate</strong></span> <span class='ocrx_word' id='word_1_309' title='bbox 1261 3079 1557 3144; x_wconf 79' lang='lat' dir='ltr'><strong>disseruit,</strong></span> <span class='ocrx_word' id='word_1_310' title='bbox 1607 3096 1726 3129; x_wconf 89' lang='lat' dir='ltr'><strong>non</strong></span> <span class='ocrx_word' id='word_1_311' title='bbox 1751 3087 1980 3134; x_wconf 80' lang='lat' dir='ltr'><strong>tantum</strong></span> <span class='ocrx_word' id='word_1_312' title='bbox 2014 3075 2223 3142; x_wconf 79' lang='lat' dir='ltr'><strong>infert,</strong></span> <span class='ocrx_word' id='word_1_313' title='bbox 2279 3075 2465 3142; x_wconf 86' lang='lat' dir='ltr'><strong>ipsam</strong></span> <span class='ocrx_word' id='word_1_314' title='bbox 2498 3108 2505 3116; x_wconf 52' lang='grc' dir='ltr'><em>ι</em></span> 
     </span>
     <span class='ocr_line' id='line_1_35' title="bbox 173 3143 2472 3215; baseline -0.001 -19"><span class='ocrx_word' id='word_1_315' title='bbox 173 3157 296 3196; x_wconf 71' lang='lat' dir='ltr'><strong>esse</strong></span> <span class='ocrx_word' id='word_1_316' title='bbox 325 3144 597 3202; x_wconf 85' lang='lat' dir='ltr'><strong>omnibus</strong></span> <span class='ocrx_word' id='word_1_317' title='bbox 623 3147 970 3215; x_wconf 69' lang='lat' dir='ltr'><strong>legendam,</strong></span> <span class='ocrx_word' id='word_1_318' title='bbox 1010 3150 1110 3201; x_wconf 89' lang='lat' dir='ltr'><strong>sed</strong></span> <span class='ocrx_word' id='word_1_319' title='bbox 1125 3152 1414 3203; x_wconf 78' lang='lat' dir='ltr'><strong>Doctores</strong></span> <span class='ocrx_word' id='word_1_320' title='bbox 1439 3165 1568 3201; x_wconf 85' lang='lat' dir='ltr'><strong>eam</strong></span> <span class='ocrx_word' id='word_1_321' title='bbox 1597 3149 1809 3201; x_wconf 86' lang='lat' dir='ltr'><strong>debere</strong></span> <span class='ocrx_word' id='word_1_322' title='bbox 1835 3145 2279 3212; x_wconf 82' lang='lat' dir='ltr'><strong>administrare,</strong></span> <span class='ocrx_word' id='word_1_323' title='bbox 2314 3143 2472 3212; x_wconf 74' lang='lat' dir='ltr'><strong>quod</strong></span> 
     </span>
     <span class='ocr_line' id='line_1_36' title="bbox 172 3211 2493 3289; baseline 0 -25"><span class='ocrx_word' id='word_1_324' title='bbox 172 3211 282 3264; x_wconf 77' lang='lat' dir='ltr'><strong>sibi</strong></span> <span class='ocrx_word' id='word_1_325' title='bbox 309 3216 646 3268; x_wconf 75' lang='lat' dir='ltr'><strong>iniunctum</strong></span> <span class='ocrx_word' id='word_1_326' title='bbox 679 3226 786 3270; x_wconf 90' lang='lat' dir='ltr'><strong>est.</strong></span> <span class='ocrx_word' id='word_1_327' title='bbox 853 3221 1007 3288; x_wconf 89' lang='lat' dir='ltr'><strong>Ergo</strong></span> <span class='ocrx_word' id='word_1_328' title='bbox 1034 3220 1209 3272; x_wconf 89' lang='lat' dir='ltr'><strong>sicuti</strong></span> <span class='ocrx_word' id='word_1_329' title='bbox 1236 3229 1363 3271; x_wconf 91' lang='lat' dir='ltr'><strong>tota</strong></span> <span class='ocrx_word' id='word_1_330' title='bbox 1388 3228 1586 3272; x_wconf 87' lang='lat' dir='ltr'><strong>nostra</strong></span> <span class='ocrx_word' id='word_1_331' title='bbox 1614 3220 1904 3289; x_wconf 76' lang='lat' dir='ltr'><strong>sapientia</strong></span> <span class='ocrx_word' id='word_1_332' title='bbox 1931 3218 1995 3269; x_wconf 89' lang='lat' dir='ltr'><strong>in</strong></span> <span class='ocrx_word' id='word_1_333' title='bbox 2024 3215 2335 3288; x_wconf 66' lang='lat' dir='ltr'><strong>Scripturis</strong></span> <span class='ocrx_word' id='word_1_334' title='bbox 2377 3213 2493 3289; x_wconf 76' lang='lat' dir='ltr'><strong>iri-¹</strong></span> 
     </span>
     <span class='ocr_line' id='line_1_37' title="bbox 174 3282 2458 3361; baseline 0.001 -29"><span class='ocrx_word' id='word_1_335' title='bbox 174 3282 332 3336; x_wconf 85' lang='lat' dir='ltr'><strong>clusa</strong></span> <span class='ocrx_word' id='word_1_336' title='bbox 362 3289 487 3351; x_wconf 88' lang='lat' dir='ltr'><strong>est,</strong></span> <span class='ocrx_word' id='word_1_337' title='bbox 525 3304 635 3339; x_wconf 87' lang='lat' dir='ltr'><strong>nec</strong></span> <span class='ocrx_word' id='word_1_338' title='bbox 661 3288 895 3343; x_wconf 87' lang='lat' dir='ltr'><strong>aliunde</strong></span> <span class='ocrx_word' id='word_1_339' title='bbox 925 3290 1017 3341; x_wconf 86' lang='lat' dir='ltr'><strong>vel</strong></span> <span class='ocrx_word' id='word_1_340' title='bbox 1045 3307 1152 3342; x_wconf 89' lang='lat' dir='ltr'><strong>nos</strong></span> <span class='ocrx_word' id='word_1_341' title='bbox 1180 3307 1383 3361; x_wconf 85' lang='lat' dir='ltr'><strong>sapere</strong></span> <span class='ocrx_word' id='word_1_342' title='bbox 1417 3290 1725 3356; x_wconf 88' lang='lat' dir='ltr'><strong>debemus,</strong></span> <span class='ocrx_word' id='word_1_343' title='bbox 1777 3290 1868 3341; x_wconf 88' lang='lat' dir='ltr'><strong>vel</strong></span> <span class='ocrx_word' id='word_1_344' title='bbox 1892 3291 2176 3341; x_wconf 79' lang='lat' dir='ltr'><strong>Doctores</strong></span> <span class='ocrx_word' id='word_1_345' title='bbox 2200 3284 2458 3349; x_wconf 87' lang='lat' dir='ltr'><strong>haurire,</strong></span> 
     </span>
     <span class='ocr_line' id='line_1_38' title="bbox 174 3351 2531 3430; baseline 0 -26"><span class='ocrx_word' id='word_1_346' title='bbox 174 3355 336 3419; x_wconf 77' lang='lat' dir='ltr'><strong>quod</strong></span> <span class='ocrx_word' id='word_1_347' title='bbox 359 3357 630 3409; x_wconf 85' lang='lat' dir='ltr'><strong>tradant:</strong></span> <span class='ocrx_word' id='word_1_348' title='bbox 680 3360 764 3410; x_wconf 89' lang='lat' dir='ltr'><strong>ita</strong></span> <span class='ocrx_word' id='word_1_349' title='bbox 796 3361 897 3430; x_wconf 91' lang='lat' dir='ltr'><strong>qui</strong></span> <span class='ocrx_word' id='word_1_350' title='bbox 923 3357 1245 3428; x_wconf 85' lang='lat' dir='ltr'><strong>praeterito</strong></span> <span class='ocrx_word' id='word_1_351' title='bbox 1284 3362 1450 3412; x_wconf 85' lang='lat' dir='ltr'><strong>vivae</strong></span> <span class='ocrx_word' id='word_1_352' title='bbox 1486 3361 1643 3412; x_wconf 84' lang='lat' dir='ltr'><strong>vocis</strong></span> <span class='ocrx_word' id='word_1_353' title='bbox 1683 3359 2072 3422; x_wconf 85' lang='lat' dir='ltr'><strong>adminiculo,</strong></span> <span class='ocrx_word' id='word_1_354' title='bbox 2121 3367 2283 3412; x_wconf 86' lang='lat' dir='ltr'><strong>muta</strong></span> <span class='ocrx_word' id='word_1_355' title='bbox 2314 3354 2467 3406; x_wconf 85' lang='lat' dir='ltr'><strong>Scri·</strong></span> <span class='ocrx_word' id='word_1_356' title='bbox 2524 3351 2531 3366; x_wconf 90' lang='lat'>&#39;</span> 
     </span>
     <span class='ocr_line' id='line_1_39' title="bbox 174 3425 2477 3499; baseline 0 -24"><span class='ocrx_word' id='word_1_357' title='bbox 174 3431 351 3489; x_wconf 69' lang='lat' dir='ltr'><strong>ptura</strong></span> <span class='ocrx_word' id='word_1_358' title='bbox 379 3436 690 3480; x_wconf 89' lang='lat' dir='ltr'><strong>contentus</strong></span> <span class='ocrx_word' id='word_1_359' title='bbox 719 3429 865 3495; x_wconf 88' lang='lat' dir='ltr'><strong>erit,</strong></span> <span class='ocrx_word' id='word_1_360' title='bbox 915 3432 1277 3498; x_wconf 78' lang='lat' dir='ltr'><strong>experietur,</strong></span> <span class='ocrx_word' id='word_1_361' title='bbox 1334 3440 1618 3499; x_wconf 81' lang='lat' dir='ltr'><strong>quantum</strong></span> <span class='ocrx_word' id='word_1_362' title='bbox 1645 3431 1866 3482; x_wconf 84' lang='lat' dir='ltr'><strong>malum</strong></span> <span class='ocrx_word' id='word_1_363' title='bbox 1890 3429 2000 3494; x_wconf 82' lang='lat' dir='ltr'><strong>sit,</strong></span> <span class='ocrx_word' id='word_1_364' title='bbox 2047 3425 2477 3497; x_wconf 57' lang='lat' dir='ltr'><strong>praescriptam,</strong></span> 
     </span>
     <span class='ocr_line' id='line_1_40' title="bbox 176 3495 2466 3572; baseline 0.002 -30"><span class='ocrx_word' id='word_1_365' title='bbox 176 3506 223 3572; x_wconf 44' lang='lat' dir='ltr'><strong>a·</strong></span> <span class='ocrx_word' id='word_1_366' title='bbox 255 3495 378 3546; x_wconf 76' lang='lat' dir='ltr'><strong>Deo</strong></span> <span class='ocrx_word' id='word_1_367' title='bbox 419 3511 475 3548; x_wconf 79' lang='lat' dir='ltr'><strong>et</strong></span> <span class='ocrx_word' id='word_1_368' title='bbox 519 3499 749 3552; x_wconf 77' lang='lat' dir='ltr'><strong>Christo</strong></span> <span class='ocrx_word' id='word_1_369' title='bbox 788 3499 1049 3553; x_wconf 87' lang='lat' dir='ltr'><strong>discendi</strong></span> <span class='ocrx_word' id='word_1_370' title='bbox 1091 3503 1242 3566; x_wconf 85' lang='lat' dir='ltr'><strong>viam</strong></span> <span class='ocrx_word' id='word_1_371' title='bbox 1280 3500 1597 3569; x_wconf 82' lang='lat' dir='ltr'><strong>negligere.</strong></span> <span class='ocrx_word' id='word_1_372' title='bbox 1680 3497 2158 3563; x_wconf 78' lang='lat' dir='ltr'><strong>Meminerimus,</strong></span> <span class='ocrx_word' id='word_1_373' title='bbox 2205 3500 2466 3563; x_wconf 85' lang='lat' dir='ltr'><strong>inquam,</strong></span> 
     </span>
     <span class='ocr_line' id='line_1_41' title="bbox 177 3566 2470 3643; baseline 0.001 -30"><span class='ocrx_word' id='word_1_374' title='bbox 177 3576 264 3643; x_wconf 62' lang='lat' dir='ltr'><strong>sic</strong></span> <span class='ocrx_word' id='word_1_375' title='bbox 289 3567 562 3619; x_wconf 87' lang='lat' dir='ltr'><strong>omnibus</strong></span> <span class='ocrx_word' id='word_1_376' title='bbox 589 3571 987 3634; x_wconf 83' lang='lat' dir='ltr'><strong>commendari</strong></span> <span class='ocrx_word' id='word_1_377' title='bbox 1013 3571 1349 3641; x_wconf 74' lang='lat' dir='ltr'><strong>scripturae</strong></span> <span class='ocrx_word' id='word_1_378' title='bbox 1375 3571 1686 3623; x_wconf 74' lang='lat' dir='ltr'><strong>lectionem</strong></span> <span class='ocrx_word' id='word_1_379' title='bbox 1707 3608 1724 3638; x_wconf 92' lang='lat'><strong>,</strong></span> <span class='ocrx_word' id='word_1_380' title='bbox 1773 3581 1841 3623; x_wconf 93' lang='lat' dir='ltr'><strong>ut</strong></span> <span class='ocrx_word' id='word_1_381' title='bbox 1864 3574 2169 3623; x_wconf 87' lang='lat' dir='ltr'><strong>Pastorum</strong></span> <span class='ocrx_word' id='word_1_382' title='bbox 2209 3566 2470 3618; x_wconf 86' lang='lat' dir='ltr'><strong>ministe-</strong></span> 
     </span>
     <span class='ocr_line' id='line_1_42' title="bbox 176 3635 2469 3710; baseline 0.001 -27"><span class='ocrx_word' id='word_1_383' title='bbox 176 3646 335 3710; x_wconf 82' lang='lat' dir='ltr'><strong>num</strong></span> <span class='ocrx_word' id='word_1_384' title='bbox 383 3653 519 3692; x_wconf 78' lang='lat' dir='ltr'><strong>eam</strong></span> <span class='ocrx_word' id='word_1_385' title='bbox 576 3639 816 3694; x_wconf 86' lang='lat' dir='ltr'><strong>minime</strong></span> <span class='ocrx_word' id='word_1_386' title='bbox 855 3641 1174 3709; x_wconf 76' lang='lat' dir='ltr'><strong>impediat:</strong></span> <span class='ocrx_word' id='word_1_387' title='bbox 1228 3642 1478 3710; x_wconf 81' lang='lat' dir='ltr'><strong>ideoque</strong></span> <span class='ocrx_word' id='word_1_388' title='bbox 1524 3650 1650 3693; x_wconf 87' lang='lat' dir='ltr'><strong>tam</strong></span> <span class='ocrx_word' id='word_1_389' title='bbox 1683 3640 1929 3709; x_wconf 82' lang='lat' dir='ltr'><strong>legendo</strong></span> <span class='ocrx_word' id='word_1_390' title='bbox 1969 3654 2143 3707; x_wconf 88' lang='lat' dir='ltr'><strong>quam</strong></span> <span class='ocrx_word' id='word_1_391' title='bbox 2185 3635 2469 3688; x_wconf 83' lang='lat' dir='ltr'><strong>audiendo</strong></span> 
     </span>
     <span class='ocr_line' id='line_1_43' title="bbox 178 3702 2467 3782; baseline 0.003 -31"><span class='ocrx_word' id='word_1_392' title='bbox 178 3702 463 3769; x_wconf 85' lang='lat' dir='ltr'><strong>proficere</strong></span> <span class='ocrx_word' id='word_1_393' title='bbox 494 3709 770 3780; x_wconf 67' lang='lat' dir='ltr'><strong>studeant</strong></span> <span class='ocrx_word' id='word_1_394' title='bbox 797 3711 1033 3777; x_wconf 80' lang='lat' dir='ltr'><strong>fideles,</strong></span> <span class='ocrx_word' id='word_1_395' title='bbox 1076 3714 1215 3782; x_wconf 80' lang='lat' dir='ltr'><strong>quia</strong></span> <span class='ocrx_word' id='word_1_396' title='bbox 1245 3723 1559 3782; x_wconf 81' lang='lat' dir='ltr'><strong>utrumque</strong></span> <span class='ocrx_word' id='word_1_397' title='bbox 1586 3728 1707 3764; x_wconf 85' lang='lat' dir='ltr'><strong>non</strong></span> <span class='ocrx_word' id='word_1_398' title='bbox 1731 3712 1948 3764; x_wconf 85' lang='lat' dir='ltr'><strong>frustra</strong></span> <span class='ocrx_word' id='word_1_399' title='bbox 1974 3713 2129 3768; x_wconf 89' lang='lat' dir='ltr'><strong>Deus</strong></span> <span class='ocrx_word' id='word_1_400' title='bbox 2160 3706 2467 3772; x_wconf 79' lang='lat' dir='ltr'><strong>ordinavit.</strong></span> 
     </span>
     <span class='ocr_line' id='line_1_44' title="bbox 184 3773 2467 3849; baseline -0.002 -19"><span class='ocrx_word' id='word_1_401' title='bbox 184 3773 371 3840; x_wconf 76' lang='lat' dir='ltr'><strong>Atque</strong></span> <span class='ocrx_word' id='word_1_402' title='bbox 388 3813 405 3839; x_wconf 85' lang='lat'><strong>,</strong></span> <span class='ocrx_word' id='word_1_403' title='bbox 462 3787 526 3828; x_wconf 91' lang='lat' dir='ltr'><strong>ut</strong></span> <span class='ocrx_word' id='word_1_404' title='bbox 552 3781 616 3831; x_wconf 91' lang='lat' dir='ltr'><strong>in</strong></span> <span class='ocrx_word' id='word_1_405' title='bbox 644 3798 708 3831; x_wconf 87' lang='lat' dir='ltr'><strong>re</strong></span> <span class='ocrx_word' id='word_1_406' title='bbox 734 3784 989 3833; x_wconf 84' lang='lat' dir='ltr'><strong>maxime</strong></span> <span class='ocrx_word' id='word_1_407' title='bbox 1016 3783 1169 3834; x_wconf 87' lang='lat' dir='ltr'><strong>seria</strong></span> <span class='ocrx_word' id='word_1_408' title='bbox 1186 3823 1204 3849; x_wconf 92' lang='lat'><strong>,</strong></span> <span class='ocrx_word' id='word_1_409' title='bbox 1244 3783 1697 3835; x_wconf 86' lang='lat' dir='ltr'><strong>obtestationem</strong></span> <span class='ocrx_word' id='word_1_410' title='bbox 1723 3782 1964 3834; x_wconf 84' lang='lat' dir='ltr'><strong>adhibet</strong></span> <span class='ocrx_word' id='word_1_411' title='bbox 1987 3777 2196 3842; x_wconf 79' lang='lat' dir='ltr'><strong>Paulus</strong></span> <span class='ocrx_word' id='word_1_412' title='bbox 2214 3816 2230 3844; x_wconf 95' lang='lat'><strong>,</strong></span> <span class='ocrx_word' id='word_1_413' title='bbox 2269 3777 2467 3828; x_wconf 84' lang='lat' dir='ltr'><strong>Timo·</strong></span> 
     </span>
     <span class='ocr_line' id='line_1_45' title="bbox 177 3839 2466 3921; baseline 0.003 -32"><span class='ocrx_word' id='word_1_414' title='bbox 177 3839 314 3892; x_wconf 89' lang='lat' dir='ltr'><strong>theo</strong></span> <span class='ocrx_word' id='word_1_415' title='bbox 355 3844 549 3900; x_wconf 90' lang='lat' dir='ltr'><strong>Deum</strong></span> <span class='ocrx_word' id='word_1_416' title='bbox 589 3850 884 3904; x_wconf 80' lang='lat' dir='ltr'><strong>vindicem</strong></span> <span class='ocrx_word' id='word_1_417' title='bbox 923 3852 1332 3921; x_wconf 85' lang='lat' dir='ltr'><strong>Christumque</strong></span> <span class='ocrx_word' id='word_1_418' title='bbox 1369 3853 1628 3905; x_wconf 89' lang='lat' dir='ltr'><strong>iudicem</strong></span> <span class='ocrx_word' id='word_1_419' title='bbox 1669 3866 2028 3920; x_wconf 86' lang='lat' dir='ltr'><strong>proponens,</strong></span> <span class='ocrx_word' id='word_1_420' title='bbox 2082 3850 2130 3899; x_wconf 86' lang='lat' dir='ltr'><strong>si</strong></span> <span class='ocrx_word' id='word_1_421' title='bbox 2173 3849 2231 3899; x_wconf 89' lang='lat' dir='ltr'><strong>in</strong></span> <span class='ocrx_word' id='word_1_422' title='bbox 2275 3847 2466 3898; x_wconf 80' lang='lat' dir='ltr'><strong>officio</strong></span> 
     </span>
     <span class='ocr_line' id='line_1_46' title="bbox 185 3908 2471 3991; baseline 0.004 -32"><span class='ocrx_word' id='word_1_423' title='bbox 185 3908 432 3967; x_wconf 86' lang='lat' dir='ltr'><strong>docendi</strong></span> <span class='ocrx_word' id='word_1_424' title='bbox 481 3922 811 3978; x_wconf 75' lang='lat' dir='ltr'><strong>cessaverit.</strong></span> <span class='ocrx_word' id='word_1_425' title='bbox 897 3923 972 3975; x_wconf 88' lang='lat' dir='ltr'><strong>Et</strong></span> <span class='ocrx_word' id='word_1_426' title='bbox 1019 3931 1177 3974; x_wconf 90' lang='lat' dir='ltr'><strong>certe</strong></span> <span class='ocrx_word' id='word_1_427' title='bbox 1225 3923 1716 3991; x_wconf 78' lang='lat' dir='ltr'><strong>quemadmodum</strong></span> <span class='ocrx_word' id='word_1_428' title='bbox 1764 3918 2177 3984; x_wconf 74' lang='lat' dir='ltr'><strong>inaestimabili</strong></span> <span class='ocrx_word' id='word_1_429' title='bbox 2227 3918 2471 3986; x_wconf 79' lang='lat' dir='ltr'><strong>pignore</strong></span> 
     </span>
     <span class='ocr_line' id='line_1_47' title="bbox 188 3981 2547 4061; baseline 0.002 -28"><span class='ocrx_word' id='word_1_430' title='bbox 188 3984 441 4037; x_wconf 73' lang='lat' dir='ltr'><strong>ostendit</strong></span> <span class='ocrx_word' id='word_1_431' title='bbox 463 3990 654 4057; x_wconf 85' lang='lat' dir='ltr'><strong>Deus,</strong></span> <span class='ocrx_word' id='word_1_432' title='bbox 707 4008 883 4060; x_wconf 79' lang='lat' dir='ltr'><strong>quum</strong></span> <span class='ocrx_word' id='word_1_433' title='bbox 910 3981 1056 4044; x_wconf 85' lang='lat' dir='ltr'><strong>Filio</strong></span> <span class='ocrx_word' id='word_1_434' title='bbox 1086 3992 1389 4061; x_wconf 77' lang='lat' dir='ltr'><strong>unigenito</strong></span> <span class='ocrx_word' id='word_1_435' title='bbox 1416 4008 1535 4044; x_wconf 87' lang='lat' dir='ltr'><strong>non</strong></span> <span class='ocrx_word' id='word_1_436' title='bbox 1561 3993 1851 4061; x_wconf 81' lang='lat' dir='ltr'><strong>pepercit,</strong></span> <span class='ocrx_word' id='word_1_437' title='bbox 1900 3998 2152 4061; x_wconf 87' lang='lat' dir='ltr'><strong>quantae</strong></span> <span class='ocrx_word' id='word_1_438' title='bbox 2180 4004 2353 4039; x_wconf 84' lang='lat' dir='ltr'><strong>curae</strong></span> <span class='ocrx_word' id='word_1_439' title='bbox 2381 4004 2472 4038; x_wconf 88' lang='lat' dir='ltr'><strong>sa·</strong></span> <span class='ocrx_word' id='word_1_440' title='bbox 2544 4025 2547 4026; x_wconf 19' lang='grc' dir='ltr'><em>ν</em></span> 
     </span>
     <span class='ocr_line' id='line_1_48' title="bbox 186 4048 2475 4131; baseline 0.004 -28"><span class='ocrx_word' id='word_1_441' title='bbox 186 4048 380 4106; x_wconf 68' lang='lat' dir='ltr'><strong>bitem.</strong></span> <span class='ocrx_word' id='word_1_442' title='bbox 395 4057 693 4118; x_wconf 73' lang='lat' dir='ltr'><strong>Ecclesiae</strong></span> <span class='ocrx_word' id='word_1_443' title='bbox 731 4079 868 4116; x_wconf 81' lang='lat' dir='ltr'><strong>suae</strong></span> <span class='ocrx_word' id='word_1_444' title='bbox 902 4061 1149 4115; x_wconf 83' lang='lat' dir='ltr'><strong>habeat:</strong></span> <span class='ocrx_word' id='word_1_445' title='bbox 1201 4064 1289 4116; x_wconf 85' lang='lat' dir='ltr'><strong>ita</strong></span> <span class='ocrx_word' id='word_1_446' title='bbox 1323 4064 1562 4131; x_wconf 81' lang='lat' dir='ltr'><strong>impune</strong></span> <span class='ocrx_word' id='word_1_447' title='bbox 1592 4080 1711 4115; x_wconf 88' lang='lat' dir='ltr'><strong>non</strong></span> <span class='ocrx_word' id='word_1_448' title='bbox 1734 4064 1885 4116; x_wconf 82' lang='lat' dir='ltr'><strong>sinet</strong></span> <span class='ocrx_word' id='word_1_449' title='bbox 1914 4061 2104 4130; x_wconf 89' lang='lat' dir='ltr'><strong>perire</strong></span> <span class='ocrx_word' id='word_1_450' title='bbox 2132 4059 2356 4110; x_wconf 77' lang='lat' dir='ltr'><strong>animas</strong></span> <span class='ocrx_word' id='word_1_451' title='bbox 2386 4057 2475 4109; x_wconf 85' lang='lat' dir='ltr'><strong>vel</strong></span> 
     </span>
     <span class='ocr_line' id='line_1_49' title="bbox 186 4125 2469 4202; baseline 0.007 -29"><span class='ocrx_word' id='word_1_452' title='bbox 186 4125 394 4189; x_wconf 79' lang='lat' dir='ltr'><strong>exponi</strong></span> <span class='ocrx_word' id='word_1_453' title='bbox 426 4129 489 4179; x_wconf 90' lang='lat' dir='ltr'><strong>in</strong></span> <span class='ocrx_word' id='word_1_454' title='bbox 523 4132 799 4198; x_wconf 77' lang='lat' dir='ltr'><strong>praedam</strong></span> <span class='ocrx_word' id='word_1_455' title='bbox 836 4135 1146 4186; x_wconf 85' lang='lat' dir='ltr'><strong>Pastorum</strong></span> <span class='ocrx_word' id='word_1_456' title='bbox 1187 4133 1594 4202; x_wconf 60' lang='lat' dir='ltr'><strong>negligentia,³</strong></span> <span class='ocrx_word' id='word_1_457' title='bbox 1637 4151 1778 4202; x_wconf 89' lang='lat' dir='ltr'><strong>quas</strong></span> <span class='ocrx_word' id='word_1_458' title='bbox 1817 4142 1943 4184; x_wconf 89' lang='lat' dir='ltr'><strong>tam</strong></span> <span class='ocrx_word' id='word_1_459' title='bbox 1984 4146 2121 4186; x_wconf 75' lang='lat' dir='ltr'><strong>caro</strong></span> <span class='ocrx_word' id='word_1_460' title='bbox 2157 4131 2344 4196; x_wconf 82' lang='lat' dir='ltr'><strong>pretio</strong></span> <span class='ocrx_word' id='word_1_461' title='bbox 2375 4144 2469 4178; x_wconf 71' lang='grc' dir='ltr'><strong>ΥΘ·</strong></span> 
     </span>
     <span class='ocr_line' id='line_1_50' title="bbox 185 4189 2474 4270; baseline 0.001 -27"><span class='ocrx_word' id='word_1_462' title='bbox 185 4189 388 4248; x_wconf 73' lang='lat' dir='ltr'><strong>demit.</strong></span> <span class='ocrx_word' id='word_1_463' title='bbox 457 4200 812 4256; x_wconf 79' lang='lat' dir='ltr'><strong>Praesertim</strong></span> <span class='ocrx_word' id='word_1_464' title='bbox 838 4211 1033 4260; x_wconf 79' lang='lat' dir='ltr'><strong>autem</strong></span> <span class='ocrx_word' id='word_1_465' title='bbox 1059 4203 1280 4260; x_wconf 76' lang='lat' dir='ltr'><strong>insistit</strong></span> <span class='ocrx_word' id='word_1_466' title='bbox 1302 4205 1366 4256; x_wconf 92' lang='lat' dir='ltr'><strong>in</strong></span> <span class='ocrx_word' id='word_1_467' title='bbox 1397 4203 1858 4264; x_wconf 81' lang='lat' dir='ltr'><strong>Christi-iudicio</strong></span> <span class='ocrx_word' id='word_1_468' title='bbox 1878 4241 1894 4268; x_wconf 93' lang='lat'><strong>,</strong></span> <span class='ocrx_word' id='word_1_469' title='bbox 1948 4201 2117 4270; x_wconf 87' lang='lat' dir='ltr'><strong>quia,</strong></span> <span class='ocrx_word' id='word_1_470' title='bbox 2152 4198 2322 4251; x_wconf 87' lang='lat' dir='ltr'><strong>sicuti</strong></span> <span class='ocrx_word' id='word_1_471' title='bbox 2352 4198 2474 4247; x_wconf 88' lang='lat' dir='ltr'><strong>eius</strong></span> 
     </span>
     <span class='ocr_line' id='line_1_51' title="bbox 191 4267 2478 4338; baseline 0.005 -27"><span class='ocrx_word' id='word_1_472' title='bbox 191 4273 508 4338; x_wconf 9' lang='lat' dir='ltr'><strong>personam,</strong></span> <span class='ocrx_word' id='word_1_473' title='bbox 536 4274 925 4338; x_wconf 70' lang='lat' dir='ltr'><strong>sustinemus,</strong></span> <span class='ocrx_word' id='word_1_474' title='bbox 979 4274 1067 4326; x_wconf 90' lang='lat' dir='ltr'><strong>ita</strong></span> <span class='ocrx_word' id='word_1_475' title='bbox 1103 4275 1396 4332; x_wconf 68' lang='lat' dir='ltr'><strong>rationem</strong></span> <span class='ocrx_word' id='word_1_476' title='bbox 1437 4274 1626 4330; x_wconf 79' lang='lat' dir='ltr'><strong>malae</strong></span> <span class='ocrx_word' id='word_1_477' title='bbox 1673 4271 2190 4326; x_wconf 81' lang='lat' dir='ltr'><strong>administrationis</strong></span> <span class='ocrx_word' id='word_1_478' title='bbox 2228 4267 2478 4322; x_wconf 78' lang='lat' dir='ltr'><strong>severius</strong></span> 
     </span>
     <span class='ocr_line' id='line_1_52' title="bbox 190 4336 2480 4415; baseline -0.004 -18"><span class='ocrx_word' id='word_1_479' title='bbox 190 4343 469 4397; x_wconf 58' lang='lat' dir='ltr'><strong>repomet,</strong></span> <span class='ocrx_word' id='word_1_480' title='bbox 540 4344 852 4398; x_wconf 68' lang='lat' dir='ltr'><strong>Iudicabit·</strong></span> <span class='ocrx_word' id='word_1_481' title='bbox 868 4344 1144 4398; x_wconf 71' lang='lat' dir='ltr'><strong>Christus</strong></span> <span class='ocrx_word' id='word_1_482' title='bbox 1166 4354 1281 4402; x_wconf 79' lang='lat' dir='ltr'><strong>etc.</strong></span> <span class='ocrx_word' id='word_1_483' title='bbox 1299 4382 1317 4411; x_wconf 91' lang='lat'><strong>,</strong></span> <span class='ocrx_word' id='word_1_484' title='bbox 1365 4344 1482 4398; x_wconf 68' lang='lat' dir='ltr'><strong>hnc</strong></span> <span class='ocrx_word' id='word_1_485' title='bbox 1508 4353 1631 4411; x_wconf 78' lang='lat' dir='ltr'><strong>est,</strong></span> <span class='ocrx_word' id='word_1_486' title='bbox 1669 4361 1810 4415; x_wconf 77' lang='lat' dir='ltr'><strong>quos</strong></span> <span class='ocrx_word' id='word_1_487' title='bbox 1840 4341 2175 4412; x_wconf 77' lang='lat' dir='ltr'><strong>superstites</strong></span> <span class='ocrx_word' id='word_1_488' title='bbox 2201 4338 2391 4392; x_wconf 83' lang='lat' dir='ltr'><strong>adhuc</strong></span> <span class='ocrx_word' id='word_1_489' title='bbox 2415 4336 2480 4388; x_wconf 82' lang='lat' dir='ltr'><strong>ia</strong></span> 
     </span>
    </p>
   </div>
   <div class='ocr_carea' id='block_1_11' title="bbox 191 4404 2480 4489">
    <p class='ocr_par' dir='ltr' id='par_1_11' title="bbox 191 4404 2480 4489">
     <span class='ocr_line' id='line_1_53' title="bbox 191 4404 2480 4489; baseline 0.006 -38"><span class='ocrx_word' id='word_1_490' title='bbox 191 4412 293 4453; x_wconf 75' lang='lat' dir='ltr'><strong>suo</strong></span> <span class='ocrx_word' id='word_1_491' title='bbox 325 4404 904 4484; x_wconf 63' lang='lat' dir='ltr'><strong>adventus-aperiet,</strong></span> <span class='ocrx_word' id='word_1_492' title='bbox 955 4423 1137 4486; x_wconf 79' lang='lat' dir='ltr'><strong>atque</strong></span> <span class='ocrx_word' id='word_1_493' title='bbox 1177 4416 1368 4472; x_wconf 82' lang='lat' dir='ltr'><strong>etiam</strong></span> <span class='ocrx_word' id='word_1_494' title='bbox 1399 4416 1506 4489; x_wconf 73' lang='lat' dir='ltr'><strong>qui</strong></span> <span class='ocrx_word' id='word_1_495' title='bbox 1539 4424 1676 4476; x_wconf 62' lang='lat' dir='ltr'><strong>auu</strong></span> <span class='ocrx_word' id='word_1_496' title='bbox 1712 4413 1931 4474; x_wconf 60' lang='lat' dir='ltr'><strong>mortui</strong></span> <span class='ocrx_word' id='word_1_497' title='bbox 1972 4411 2210 4474; x_wconf 70' lang='lat' dir='ltr'><strong>fuerint.</strong></span> <span class='ocrx_word' id='word_1_498' title='bbox 2290 4409 2480 4464; x_wconf 75' lang='lat' dir='ltr'><strong>Nemo</strong></span> 
     </span>
    </p>
   </div>
   <div class='ocr_carea' id='block_1_12' title="bbox 894 4653 920 4674">
    <p class='ocr_par' dir='ltr' id='par_1_12' title="bbox 894 4653 920 4674">
     <span class='ocr_line' id='line_1_54' title="bbox 894 4653 920 4674; baseline 0 0"><span class='ocrx_word' id='word_1_499' title='bbox 894 4653 920 4674; x_wconf 67' lang='grc' dir='ltr'><strong>ι’</strong></span> 
     </span>
    </p>
   </div>
  </div>
 </body>
</html>
