<?xml version="1.0" encoding="UTF-8"?>
<!DOCTYPE html PUBLIC "-//W3C//DTD XHTML 1.0 Transitional//EN"
    "http://www.w3.org/TR/xhtml1/DTD/xhtml1-transitional.dtd">
<html xmlns="http://www.w3.org/1999/xhtml" xml:lang="en" lang="en">
 <head>
  <title>
</title>
<meta http-equiv="Content-Type" content="text/html;charset=utf-8" />
  <meta name='ocr-system' content='tesseract 3.04.00' />
  <meta name='ocr-capabilities' content='ocr_page ocr_carea ocr_par ocr_line ocrx_word'/>
</head>
<body>
  <div class='ocr_page' id='page_1' title='image "./johanniscalvini00calvgoog_0178.png"; bbox 0 0 2820 4895; ppageno 0'>
   <div class='ocr_carea' id='block_1_1' title="bbox 382 197 2182 318">
    <p class='ocr_par' dir='ltr' id='par_1_1' title="bbox 382 197 2182 324">
     <span class='ocr_line' id='line_1_1' title="bbox 382 197 2182 318; baseline -0.003 -31"><span class='ocrx_word' id='word_1_1' title='bbox 382 218 510 300; x_wconf 73' lang='lat' dir='ltr'><strong>ns</strong></span> <span class='ocrx_word' id='word_1_2' title='bbox 901 211 1024 306; x_wconf 68' lang='lat' dir='ltr'><strong>su</strong></span> <span class='ocrx_word' id='word_1_3' title='bbox 1072 197 1725 318; x_wconf 65' lang='lat' dir='ltr'><strong>mus&#39;rom&#39;ss</strong></span> <span class='ocrx_word' id='word_1_4' title='bbox 1798 209 2182 284; x_wconf 64' lang='lat' dir='ltr'><strong>eanm-</strong></span> 
     </span>
    </p>
   </div>
   <div class='ocr_carea' id='block_1_2' title="bbox 328 354 2672 1071">
    <p class='ocr_par' dir='ltr' id='par_1_2' title="bbox 328 354 2672 1071">
     <span class='ocr_line' id='line_1_2' title="bbox 377 354 2669 456; baseline -0.003 -14"><span class='ocrx_word' id='word_1_5' title='bbox 377 400 548 453; x_wconf 82' lang='lat' dir='ltr'><strong>mus,</strong></span> <span class='ocrx_word' id='word_1_6' title='bbox 588 382 704 438; x_wconf 82' lang='lat' dir='ltr'><strong>Dei</strong></span> <span class='ocrx_word' id='word_1_7' title='bbox 729 379 1091 438; x_wconf 76' lang='lat' dir='ltr'><strong>beneficium</strong></span> <span class='ocrx_word' id='word_1_8' title='bbox 1117 388 1230 438; x_wconf 88' lang='lat' dir='ltr'><strong>est.</strong></span> <span class='ocrx_word' id='word_1_9' title='bbox 1296 375 1460 436; x_wconf 76' lang='lat' dir='ltr'><strong>Alios</strong></span> <span class='ocrx_word' id='word_1_10' title='bbox 1487 380 1726 456; x_wconf 75' lang='lat' dir='ltr'><strong>quidem</strong></span> <span class='ocrx_word' id='word_1_11' title='bbox 1754 354 1905 450; x_wconf 62' lang='lat' dir='ltr'><strong>clife,</strong></span> <span class='ocrx_word' id='word_1_12' title='bbox 1938 381 2089 437; x_wconf 86' lang='lat' dir='ltr'><strong>alios</strong></span> <span class='ocrx_word' id='word_1_13' title='bbox 2116 379 2307 435; x_wconf 86' lang='lat' dir='ltr'><strong>serius</strong></span> <span class='ocrx_word' id='word_1_14' title='bbox 2333 379 2669 436; x_wconf 77' lang='lat' dir='ltr'><strong>convertite</strong></span> 
     </span>
     <span class='ocr_line' id='line_1_3' title="bbox 377 451 2672 525; baseline -0.003 -15"><span class='ocrx_word' id='word_1_15' title='bbox 377 453 484 510; x_wconf 78' lang='lat' dir='ltr'><strong>aed</strong></span> <span class='ocrx_word' id='word_1_16' title='bbox 518 453 662 525; x_wconf 80' lang='lat' dir='ltr'><strong>quia</strong></span> <span class='ocrx_word' id='word_1_17' title='bbox 703 452 1036 506; x_wconf 87' lang='lat' dir='ltr'><strong>communis</strong></span> <span class='ocrx_word' id='word_1_18' title='bbox 1073 460 1163 505; x_wconf 87' lang='lat' dir='ltr'><strong>est</strong></span> <span class='ocrx_word' id='word_1_19' title='bbox 1198 452 1471 505; x_wconf 81' lang='lat' dir='ltr'><strong>omnium</strong></span> <span class='ocrx_word' id='word_1_20' title='bbox 1501 453 1770 519; x_wconf 79' lang='lat' dir='ltr'><strong>aversio,</strong></span> <span class='ocrx_word' id='word_1_21' title='bbox 1803 452 2100 522; x_wconf 51' lang='lat' dir='ltr'><strong>nos‘prius</strong></span> <span class='ocrx_word' id='word_1_22' title='bbox 2129 451 2395 503; x_wconf 76' lang='lat' dir='ltr'><strong>converti</strong></span> <span class='ocrx_word' id='word_1_23' title='bbox 2423 465 2672 503; x_wconf 81' lang='lat' dir='ltr'><strong>necesso</strong></span> 
     </span>
     <span class='ocr_line' id='line_1_4' title="bbox 378 517 2670 592; baseline -0.004 -14"><span class='ocrx_word' id='word_1_24' title='bbox 378 533 513 589; x_wconf 81' lang='lat' dir='ltr'><strong>est,</strong></span> <span class='ocrx_word' id='word_1_25' title='bbox 545 536 723 592; x_wconf 84' lang='lat' dir='ltr'><strong>quam</strong></span> <span class='ocrx_word' id='word_1_26' title='bbox 748 522 876 575; x_wconf 87' lang='lat' dir='ltr'><strong>Deo</strong></span> <span class='ocrx_word' id='word_1_27' title='bbox 899 522 1241 574; x_wconf 80' lang='lat' dir='ltr'><strong>serviamus.</strong></span> <span class='ocrx_word' id='word_1_28' title='bbox 1310 522 1467 573; x_wconf 85' lang='lat' dir='ltr'><strong>Hinc</strong></span> <span class='ocrx_word' id='word_1_29' title='bbox 1510 521 1696 574; x_wconf 82' lang='lat' dir='ltr'><strong>etiam</strong></span> <span class='ocrx_word' id='word_1_30' title='bbox 1738 535 1917 574; x_wconf 83' lang='lat' dir='ltr'><strong>verae</strong></span> <span class='ocrx_word' id='word_1_31' title='bbox 1956 517 2440 588; x_wconf 77' lang='lat' dir='ltr'><strong>fidei&#39;colligitur</strong></span> <span class='ocrx_word' id='word_1_32' title='bbox 2481 519 2567 571; x_wconf 77' lang='lat' dir='ltr'><strong>vis</strong></span> <span class='ocrx_word' id='word_1_33' title='bbox 2602 526 2670 570; x_wconf 79' lang='lat' dir='ltr'><strong>et</strong></span> 
     </span>
     <span class='ocr_line' id='line_1_5' title="bbox 372 588 2671 669; baseline -0.003 -22"><span class='ocrx_word' id='word_1_34' title='bbox 372 600 630 647; x_wconf 69' lang='lat' dir='ltr'><strong>naturas</strong></span> <span class='ocrx_word' id='word_1_35' title='bbox 677 589 819 669; x_wconf 61' lang='lat' dir='ltr'><strong>{uie</strong></span> <span class='ocrx_word' id='word_1_36' title='bbox 845 588 1081 642; x_wconf 88' lang='lat' dir='ltr'><strong>scilicet</strong></span> <span class='ocrx_word' id='word_1_37' title='bbox 1102 590 1232 643; x_wconf 90' lang='lat' dir='ltr'><strong>Deo</strong></span> <span class='ocrx_word' id='word_1_38' title='bbox 1260 588 1372 642; x_wconf 90' lang='lat' dir='ltr'><strong>rite</strong></span> <span class='ocrx_word' id='word_1_39' title='bbox 1401 606 1578 654; x_wconf 84' lang='lat' dir='ltr'><strong>nemo</strong></span> <span class='ocrx_word' id='word_1_40' title='bbox 1611 588 1829 655; x_wconf 73' lang='lat' dir='ltr'><strong>credit,</strong></span> <span class='ocrx_word' id='word_1_41' title='bbox 1877 589 1992 641; x_wconf 85' lang='lat' dir='ltr'><strong>nisi</strong></span> <span class='ocrx_word' id='word_1_42' title='bbox 2021 588 2156 660; x_wconf 83' lang='lat' dir='ltr'><strong>qui,</strong></span> <span class='ocrx_word' id='word_1_43' title='bbox 2205 588 2498 657; x_wconf 55' lang='lat' dir='ltr'><strong>abnegata</strong></span> <span class='ocrx_word' id='word_1_44' title='bbox 2528 604 2671 640; x_wconf 84' lang='lat' dir='ltr'><strong>sen·</strong></span> 
     </span>
     <span class='ocr_line' id='line_1_6' title="bbox 374 656 2384 727; baseline -0.003 -12"><span class='ocrx_word' id='word_1_45' title='bbox 374 676 481 718; x_wconf 70' lang='lat' dir='ltr'><strong>aus</strong></span> <span class='ocrx_word' id='word_1_46' title='bbox 505 658 602 714; x_wconf 87' lang='lat' dir='ltr'><strong>sui</strong></span> <span class='ocrx_word' id='word_1_47' title='bbox 625 658 883 712; x_wconf 77' lang='lat' dir='ltr'><strong>vanitate</strong></span> <span class='ocrx_word' id='word_1_48' title='bbox 901 694 920 724; x_wconf 91' lang='lat'>,</span> <span class='ocrx_word' id='word_1_49' title='bbox 958 667 1179 727; x_wconf 82' lang='lat' dir='ltr'><strong>purum</strong></span> <span class='ocrx_word' id='word_1_50' title='bbox 1208 657 1322 712; x_wconf 91' lang='lat' dir='ltr'><strong>Dei</strong></span> <span class='ocrx_word' id='word_1_51' title='bbox 1350 659 1577 713; x_wconf 88' lang='lat' dir='ltr'><strong>cultum</strong></span> <span class='ocrx_word' id='word_1_52' title='bbox 1610 656 2001 727; x_wconf 74' lang='lat' dir='ltr'><strong>amplectitur</strong></span> <span class='ocrx_word' id='word_1_53' title='bbox 2026 675 2096 712; x_wconf 88' lang='lat' dir='ltr'><strong>ac</strong></span> <span class='ocrx_word' id='word_1_54' title='bbox 2121 657 2384 725; x_wconf 84' lang='lat' dir='ltr'><strong>suscipit.</strong></span> 
     </span>
     <span class='ocr_line' id='line_1_7' title="bbox 382 724 2666 795; baseline -0.001 -14"><span class='ocrx_word' id='word_1_55' title='bbox 382 753 385 758; x_wconf 95' lang='lat'>·</span> <span class='ocrx_word' id='word_1_56' title='bbox 513 727 569 781; x_wconf 87' lang='lat'><strong>9.</strong></span> <span class='ocrx_word' id='word_1_57' title='bbox 614 728 725 778; x_wconf 74' lang='lat' dir='ltr'><strong>&#39;Aa</strong></span> <span class='ocrx_word' id='word_1_58' title='bbox 750 728 933 779; x_wconf 81' lang='lat' dir='ltr'><strong>Deum</strong></span> <span class='ocrx_word' id='word_1_59' title='bbox 960 727 1260 780; x_wconf 64' lang='lat' dir='ltr'><strong>videntem.</strong></span> <span class='ocrx_word' id='word_1_60' title='bbox 1343 726 1462 779; x_wconf 82' lang='lat' dir='ltr'><strong>Hic</strong></span> <span class='ocrx_word' id='word_1_61' title='bbox 1500 726 1808 795; x_wconf 75' lang='lat' dir='ltr'><strong>legitimae</strong></span> <span class='ocrx_word' id='word_1_62' title='bbox 1853 724 2256 779; x_wconf 73' lang='lat' dir='ltr'>conversionis</span> <span class='ocrx_word' id='word_1_63' title='bbox 2298 740 2512 792; x_wconf 86' lang='lat' dir='ltr'><strong>scopus</strong></span> <span class='ocrx_word' id='word_1_64' title='bbox 2551 732 2666 779; x_wconf 82' lang='lat' dir='ltr'><strong>est.</strong></span> 
     </span>
     <span class='ocr_line' id='line_1_8' title="bbox 370 792 2669 864; baseline -0.003 -13"><span class='ocrx_word' id='word_1_65' title='bbox 370 795 600 851; x_wconf 70' lang='lat' dir='ltr'><strong>multos</strong></span> <span class='ocrx_word' id='word_1_66' title='bbox 628 792 772 864; x_wconf 76' lang='lat' dir='ltr'><strong>quid</strong></span> <span class='ocrx_word' id='word_1_67' title='bbox 808 811 871 847; x_wconf 89' lang='lat' dir='ltr'><strong>m</strong></span> <span class='ocrx_word' id='word_1_68' title='bbox 899 794 1163 847; x_wconf 82' lang='lat' dir='ltr'><strong>videmus</strong></span> <span class='ocrx_word' id='word_1_69' title='bbox 1191 812 1225 846; x_wconf 86' lang='lat' dir='ltr'><strong>a</strong></span> <span class='ocrx_word' id='word_1_70' title='bbox 1253 794 1776 863; x_wconf 70' lang='lat' dir='ltr'><strong>superstitionibus</strong></span> <span class='ocrx_word' id='word_1_71' title='bbox 1800 793 2154 858; x_wconf 77' lang='lat' dir='ltr'><strong>desciscere,</strong></span> <span class='ocrx_word' id='word_1_72' title='bbox 2194 792 2293 862; x_wconf 90' lang='lat' dir='ltr'><strong>qui</strong></span> <span class='ocrx_word' id='word_1_73' title='bbox 2322 801 2518 846; x_wconf 86' lang='lat' dir='ltr'><strong>tamen</strong></span> <span class='ocrx_word' id='word_1_74' title='bbox 2548 792 2669 845; x_wconf 82' lang='lat' dir='ltr'><strong>hoo</strong></span> 
     </span>
     <span class='ocr_line' id='line_1_9' title="bbox 371 861 2666 989; baseline -0.001 -71"><span class='ocrx_word' id='word_1_75' title='bbox 371 864 567 989; x_wconf 48' lang='lat' dir='ltr'><strong>gradu</strong></span> <span class='ocrx_word' id='word_1_76' title='bbox 593 862 760 915; x_wconf 81' lang='lat' dir='ltr'><strong>facto</strong></span> <span class='ocrx_word' id='word_1_77' title='bbox 786 862 932 915; x_wconf 86' lang='lat' dir='ltr'><strong>adeo</strong></span> <span class='ocrx_word' id='word_1_78' title='bbox 958 862 1021 914; x_wconf 91' lang='lat' dir='ltr'><strong>in</strong></span> <span class='ocrx_word' id='word_1_79' title='bbox 1049 863 1270 929; x_wconf 83' lang='lat' dir='ltr'><strong>pietate</strong></span> <span class='ocrx_word' id='word_1_80' title='bbox 1297 878 1421 914; x_wconf 89' lang='lat' dir='ltr'><strong>non</strong></span> <span class='ocrx_word' id='word_1_81' title='bbox 1450 862 1807 942; x_wconf 81' lang='lat' dir='ltr'><strong>proficiunt,</strong></span> <span class='ocrx_word' id='word_1_82' title='bbox 1853 872 1924 917; x_wconf 88' lang='lat' dir='ltr'><strong>nt</strong></span> <span class='ocrx_word' id='word_1_83' title='bbox 1959 862 2024 914; x_wconf 90' lang='lat' dir='ltr'><strong>in</strong></span> <span class='ocrx_word' id='word_1_84' title='bbox 2059 861 2325 915; x_wconf 81' lang='lat' dir='ltr'><strong>deterius</strong></span> <span class='ocrx_word' id='word_1_85' title='bbox 2362 862 2666 916; x_wconf 72' lang='lat' dir='ltr'><strong>labantur.</strong></span> 
     </span>
     <span class='ocr_line' id='line_1_10' title="bbox 328 919 2663 1001; baseline -0.002 -15"><span class='ocrx_word' id='word_1_86' title='bbox 328 937 331 942; x_wconf 74' lang='grc'><strong>”</strong></span> <span class='ocrx_word' id='word_1_87' title='bbox 437 950 531 986; x_wconf 89' lang='lat' dir='ltr'><strong>am</strong></span> <span class='ocrx_word' id='word_1_88' title='bbox 559 931 827 1001; x_wconf 85' lang='lat' dir='ltr'><strong>deposito</strong></span> <span class='ocrx_word' id='word_1_89' title='bbox 855 930 1017 982; x_wconf 87' lang='lat' dir='ltr'><strong>omni</strong></span> <span class='ocrx_word' id='word_1_90' title='bbox 1046 930 1161 983; x_wconf 89' lang='lat' dir='ltr'><strong>Dei</strong></span> <span class='ocrx_word' id='word_1_91' title='bbox 1189 947 1392 995; x_wconf 90' lang='lat' dir='ltr'><strong>sensu,</strong></span> <span class='ocrx_word' id='word_1_92' title='bbox 1444 947 1507 982; x_wconf 82' lang='lat' dir='ltr'><strong>m</strong></span> <span class='ocrx_word' id='word_1_93' title='bbox 1537 919 1858 1000; x_wconf 64' lang='lat' dir='ltr'><strong>prbfanum</strong></span> <span class='ocrx_word' id='word_1_94' title='bbox 1889 938 1950 982; x_wconf 87' lang='lat' dir='ltr'><strong>et</strong></span> <span class='ocrx_word' id='word_1_95' title='bbox 1976 931 2219 994; x_wconf 74' lang='lat' dir='ltr'><strong>brutum</strong></span> <span class='ocrx_word' id='word_1_96' title='bbox 2248 933 2663 996; x_wconf 79' lang='lat' dir='ltr'><strong>contemptum</strong></span> 
     </span>
     <span class='ocr_line' id='line_1_11' title="bbox 368 998 2665 1071; baseline -0.001 -17"><span class='ocrx_word' id='word_1_97' title='bbox 368 1019 442 1056; x_wconf 72' lang='lat' dir='ltr'><strong>ue</strong></span> <span class='ocrx_word' id='word_1_98' title='bbox 476 999 832 1071; x_wconf 88' lang='lat' dir='ltr'><strong>proiiciunt.</strong></span> <span class='ocrx_word' id='word_1_99' title='bbox 885 999 971 1053; x_wconf 91' lang='lat' dir='ltr'><strong>sic</strong></span> <span class='ocrx_word' id='word_1_100' title='bbox 1009 998 1155 1051; x_wconf 87' lang='lat' dir='ltr'><strong>olim</strong></span> <span class='ocrx_word' id='word_1_101' title='bbox 1192 1000 1266 1064; x_wconf 82' lang='lat' dir='ltr'><strong>ab</strong></span> <span class='ocrx_word' id='word_1_102' title='bbox 1298 999 1598 1068; x_wconf 87' lang='lat' dir='ltr'><strong>Epicuro,</strong></span> <span class='ocrx_word' id='word_1_103' title='bbox 1643 1000 1919 1069; x_wconf 71' lang='lat' dir='ltr'><strong>Diogene</strong></span> <span class='ocrx_word' id='word_1_104' title='bbox 1950 998 2211 1067; x_wconf 78' lang='lat' dir='ltr'><strong>Cynico,</strong></span> <span class='ocrx_word' id='word_1_105' title='bbox 2267 1008 2328 1050; x_wconf 90' lang='lat' dir='ltr'><strong>et</strong></span> <span class='ocrx_word' id='word_1_106' title='bbox 2364 998 2665 1051; x_wconf 88' lang='lat' dir='ltr'><strong>similibus</strong></span> 
     </span>
    </p>
   </div>
   <div class='ocr_carea' id='block_1_3' title="bbox 370 1066 2775 1149">
    <p class='ocr_par' dir='ltr' id='par_1_3' title="bbox 370 1066 2775 1149">
     <span class='ocr_line' id='line_1_12' title="bbox 370 1066 2775 1149; baseline -0.002 -26"><span class='ocrx_word' id='word_1_107' title='bbox 370 1071 609 1132; x_wconf 69' lang='lat' dir='ltr'><strong>derisae</strong></span> <span class='ocrx_word' id='word_1_108' title='bbox 648 1069 896 1144; x_wconf 78' lang='lat' dir='ltr'><strong>fuerunt</strong></span> <span class='ocrx_word' id='word_1_109' title='bbox 931 1068 1092 1147; x_wconf 74' lang='lat' dir='ltr'><strong>vulgi</strong></span> <span class='ocrx_word' id='word_1_110' title='bbox 1128 1068 1611 1149; x_wconf 72' lang='lat' dir='ltr'><strong>superstitiones:</strong></span> <span class='ocrx_word' id='word_1_111' title='bbox 1664 1069 1768 1122; x_wconf 84' lang='lat' dir='ltr'><strong>sed</strong></span> <span class='ocrx_word' id='word_1_112' title='bbox 1798 1068 1886 1121; x_wconf 86' lang='lat' dir='ltr'><strong>ita</strong></span> <span class='ocrx_word' id='word_1_113' title='bbox 1923 1077 1990 1121; x_wconf 90' lang='lat' dir='ltr'><strong>ut</strong></span> <span class='ocrx_word' id='word_1_114' title='bbox 2013 1067 2394 1122; x_wconf 86' lang='lat' dir='ltr'><strong>Deicultum</strong></span> <span class='ocrx_word' id='word_1_115' title='bbox 2427 1066 2665 1135; x_wconf 85' lang='lat' dir='ltr'><strong>promi·</strong></span> <span class='ocrx_word' id='word_1_116' title='bbox 2763 1103 2775 1119; x_wconf 61' lang='lat'><em>1</em></span> 
     </span>
    </p>
   </div>
   <div class='ocr_carea' id='block_1_4' title="bbox 332 1134 2665 1207">
    <p class='ocr_par' dir='ltr' id='par_1_4' title="bbox 332 1134 2665 1207">
     <span class='ocr_line' id='line_1_13' title="bbox 332 1134 2665 1207; baseline -0.004 -12"><span class='ocrx_word' id='word_1_117' title='bbox 332 1137 584 1195; x_wconf 73' lang='lat' dir='ltr'><strong>&#39;acuum</strong></span> <span class='ocrx_word' id='word_1_118' title='bbox 620 1154 756 1189; x_wconf 87' lang='lat' dir='ltr'><strong>cum</strong></span> <span class='ocrx_word' id='word_1_119' title='bbox 793 1153 1082 1207; x_wconf 77' lang='lat' dir='ltr'><strong>perversis</strong></span> <span class='ocrx_word' id='word_1_120' title='bbox 1123 1136 1371 1205; x_wconf 79' lang='lat' dir='ltr'><strong>ineptiis</strong></span> <span class='ocrx_word' id='word_1_121' title='bbox 1415 1137 1757 1204; x_wconf 64' lang='lat' dir='ltr'><strong>miscerent.</strong></span> <span class='ocrx_word' id='word_1_122' title='bbox 1850 1134 2013 1205; x_wconf 76' lang='lat' dir='ltr'><strong>Ergo</strong></span> <span class='ocrx_word' id='word_1_123' title='bbox 2056 1135 2380 1189; x_wconf 81' lang='lat' dir='ltr'><strong>videndum</strong></span> <span class='ocrx_word' id='word_1_124' title='bbox 2414 1145 2536 1201; x_wconf 71' lang='lat' dir='ltr'><strong>est,</strong></span> <span class='ocrx_word' id='word_1_125' title='bbox 2588 1141 2665 1187; x_wconf 72' lang='lat' dir='ltr'><strong>nt</strong></span> 
     </span>
    </p>
   </div>
   <div class='ocr_carea' id='block_1_5' title="bbox 265 1204 2664 1275">
    <p class='ocr_par' dir='ltr' id='par_1_5' title="bbox 265 1204 2664 1275">
     <span class='ocr_line' id='line_1_14' title="bbox 265 1204 2664 1275; baseline -0.002 -14"><span class='ocrx_word' id='word_1_126' title='bbox 265 1260 273 1265; x_wconf 77' lang='grc'><em>,</em></span> <span class='ocrx_word' id='word_1_127' title='bbox 367 1208 613 1264; x_wconf 72' lang='lat' dir='ltr'><strong>cuinam</strong></span> <span class='ocrx_word' id='word_1_128' title='bbox 638 1217 925 1257; x_wconf 75' lang='lat' dir='ltr'><strong>&#39;errorum</strong></span> <span class='ocrx_word' id='word_1_129' title='bbox 969 1215 1249 1273; x_wconf 80' lang='lat' dir='ltr'><strong>sequatur</strong></span> <span class='ocrx_word' id='word_1_130' title='bbox 1286 1204 1626 1258; x_wconf 77' lang='lat' dir='ltr'><strong>aedificium</strong></span> <span class='ocrx_word' id='word_1_131' title='bbox 1656 1204 1818 1264; x_wconf 80' lang='lat' dir='ltr'><strong>fidei.</strong></span> <span class='ocrx_word' id='word_1_132' title='bbox 1900 1207 2090 1258; x_wconf 86' lang='lat' dir='ltr'><strong>Porro</strong></span> <span class='ocrx_word' id='word_1_133' title='bbox 2119 1204 2442 1275; x_wconf 77' lang='lat' dir='ltr'><strong>Apostolus</strong></span> <span class='ocrx_word' id='word_1_134' title='bbox 2445 1242 2478 1271; x_wconf 63' lang='lat'><em>⁴</em></span> <span class='ocrx_word' id='word_1_135' title='bbox 2514 1206 2664 1257; x_wconf 75' lang='lat' dir='ltr'><strong>duna</strong></span> 
     </span>
    </p>
   </div>
   <div class='ocr_carea' id='block_1_6' title="bbox 304 1271 2664 1826">
    <p class='ocr_par' dir='ltr' id='par_1_6' title="bbox 304 1271 2664 1826">
     <span class='ocr_line' id='line_1_15' title="bbox 364 1271 2660 1344; baseline -0.003 -15"><span class='ocrx_word' id='word_1_136' title='bbox 364 1277 522 1334; x_wconf 67' lang='lat' dir='ltr'><strong>haec</strong></span> <span class='ocrx_word' id='word_1_137' title='bbox 544 1273 810 1344; x_wconf 82' lang='lat' dir='ltr'><strong>epitheta</strong></span> <span class='ocrx_word' id='word_1_138' title='bbox 838 1271 979 1325; x_wconf 81' lang='lat' dir='ltr'><strong>Veri</strong></span> <span class='ocrx_word' id='word_1_139' title='bbox 1007 1281 1068 1324; x_wconf 84' lang='lat' dir='ltr'><strong>et</strong></span> <span class='ocrx_word' id='word_1_140' title='bbox 1096 1274 1353 1325; x_wconf 83' lang='lat' dir='ltr'><strong>Viventis</strong></span> <span class='ocrx_word' id='word_1_141' title='bbox 1381 1272 1596 1327; x_wconf 80' lang='lat' dir='ltr'><strong>tribuit</strong></span> <span class='ocrx_word' id='word_1_142' title='bbox 1623 1274 1792 1338; x_wconf 52' lang='lat' dir='ltr'><strong>Deoss</strong></span> <span class='ocrx_word' id='word_1_143' title='bbox 1822 1271 1983 1327; x_wconf 80' lang='lat' dir='ltr'><strong>idola</strong></span> <span class='ocrx_word' id='word_1_144' title='bbox 2013 1273 2251 1344; x_wconf 78' lang='lat' dir='ltr'><strong>oblique</strong></span> <span class='ocrx_word' id='word_1_145' title='bbox 2286 1273 2660 1341; x_wconf 47' lang='lat' dir='ltr'><strong>perstringit.</strong></span> 
     </span>
     <span class='ocr_line' id='line_1_16' title="bbox 368 1341 2664 1418; baseline -0.002 -20"><span class='ocrx_word' id='word_1_146' title='bbox 368 1343 535 1418; x_wconf 80' lang='lat' dir='ltr'><strong>quod</strong></span> <span class='ocrx_word' id='word_1_147' title='bbox 564 1343 807 1395; x_wconf 78' lang='lat' dir='ltr'><strong>mortua</strong></span> <span class='ocrx_word' id='word_1_148' title='bbox 844 1341 964 1393; x_wconf 88' lang='lat' dir='ltr'><strong>sint</strong></span> <span class='ocrx_word' id='word_1_149' title='bbox 1003 1350 1063 1392; x_wconf 89' lang='lat' dir='ltr'><strong>et</strong></span> <span class='ocrx_word' id='word_1_150' title='bbox 1099 1341 1293 1402; x_wconf 72' lang='lat' dir='ltr'><strong>nihili·</strong></span> <span class='ocrx_word' id='word_1_151' title='bbox 1316 1342 1634 1412; x_wconf 75' lang='lat' dir='ltr'><strong>figmenta,</strong></span> <span class='ocrx_word' id='word_1_152' title='bbox 1670 1350 1729 1395; x_wconf 89' lang='lat' dir='ltr'><strong>et</strong></span> <span class='ocrx_word' id='word_1_153' title='bbox 1755 1342 1912 1395; x_wconf 79' lang='lat' dir='ltr'><strong>falso</strong></span> <span class='ocrx_word' id='word_1_154' title='bbox 1936 1342 2020 1395; x_wconf 89' lang='lat' dir='ltr'><strong>dii</strong></span> <span class='ocrx_word' id='word_1_155' title='bbox 2051 1351 2486 1412; x_wconf 82' lang='lat' dir='ltr'><strong>nuncupentur.</strong></span> <span class='ocrx_word' id='word_1_156' title='bbox 2559 1341 2664 1394; x_wconf 78' lang='lat' dir='ltr'><strong>Fi-</strong></span> 
     </span>
     <span class='ocr_line' id='line_1_17' title="bbox 364 1408 2661 1492; baseline -0.002 -25"><span class='ocrx_word' id='word_1_157' title='bbox 364 1431 512 1472; x_wconf 77' lang='lat' dir='ltr'><strong>nem</strong></span> <span class='ocrx_word' id='word_1_158' title='bbox 550 1408 958 1483; x_wconf 82' lang='lat' dir='ltr'><strong>conversionis</strong></span> <span class='ocrx_word' id='word_1_159' title='bbox 993 1410 1160 1478; x_wconf 88' lang='lat' dir='ltr'><strong>ponit</strong></span> <span class='ocrx_word' id='word_1_160' title='bbox 1196 1427 1371 1480; x_wconf 79' lang='lat' dir='ltr'><strong>quem</strong></span> <span class='ocrx_word' id='word_1_161' title='bbox 1413 1410 1617 1492; x_wconf 63' lang='lat' dir='ltr'><strong>attigi,</strong></span> <span class='ocrx_word' id='word_1_162' title='bbox 1667 1421 1733 1463; x_wconf 88' lang='lat' dir='ltr'><strong>ut</strong></span> <span class='ocrx_word' id='word_1_163' title='bbox 1761 1413 1894 1465; x_wconf 89' lang='lat' dir='ltr'><strong>Deo</strong></span> <span class='ocrx_word' id='word_1_164' title='bbox 1931 1410 2244 1464; x_wconf 78' lang='lat' dir='ltr'><strong>servirent.</strong></span> <span class='ocrx_word' id='word_1_165' title='bbox 2331 1411 2493 1478; x_wconf 77' lang='lat' dir='ltr'><strong>Ergo</strong></span> <span class='ocrx_word' id='word_1_166' title='bbox 2534 1410 2661 1463; x_wconf 82' lang='lat' dir='ltr'><strong>huc</strong></span> 
     </span>
     <span class='ocr_line' id='line_1_18' title="bbox 363 1477 2662 1549; baseline -0.002 -12"><span class='ocrx_word' id='word_1_167' title='bbox 363 1481 565 1536; x_wconf 72' lang='lat' dir='ltr'><strong>tendit</strong></span> <span class='ocrx_word' id='word_1_168' title='bbox 590 1477 905 1549; x_wconf 78' lang='lat' dir='ltr'><strong>Evangelii</strong></span> <span class='ocrx_word' id='word_1_169' title='bbox 935 1478 1243 1546; x_wconf 83' lang='lat' dir='ltr'><strong>doctrina,</strong></span> <span class='ocrx_word' id='word_1_170' title='bbox 1276 1487 1344 1532; x_wconf 87' lang='lat' dir='ltr'><strong>ut</strong></span> <span class='ocrx_word' id='word_1_171' title='bbox 1385 1496 1494 1531; x_wconf 90' lang='lat' dir='ltr'><strong>nos</strong></span> <span class='ocrx_word' id='word_1_172' title='bbox 1531 1496 1595 1531; x_wconf 78' lang='lat' dir='ltr'><strong>in</strong></span> <span class='ocrx_word' id='word_1_173' title='bbox 1634 1479 1865 1533; x_wconf 79' lang='lat' dir='ltr'><strong>cultum</strong></span> <span class='ocrx_word' id='word_1_174' title='bbox 1907 1480 2371 1548; x_wconf 70' lang='lat' dir='ltr'><strong>obsequiumque</strong></span> <span class='ocrx_word' id='word_1_175' title='bbox 2394 1478 2509 1531; x_wconf 88' lang='lat' dir='ltr'><strong>Dei</strong></span> <span class='ocrx_word' id='word_1_176' title='bbox 2533 1488 2662 1532; x_wconf 82' lang='lat' dir='ltr'><strong>tra-</strong></span> 
     </span>
     <span class='ocr_line' id='line_1_19' title="bbox 368 1546 2659 1620; baseline -0.002 -16"><span class='ocrx_word' id='word_1_177' title='bbox 368 1551 569 1605; x_wconf 74' lang='lat' dir='ltr'><strong>ducat.</strong></span> <span class='ocrx_word' id='word_1_178' title='bbox 653 1546 953 1619; x_wconf 78' lang='lat' dir='ltr'><strong>Quamdiu</strong></span> <span class='ocrx_word' id='word_1_179' title='bbox 985 1547 1331 1620; x_wconf 63' lang='lat' dir='ltr'><strong>enim-servi</strong></span> <span class='ocrx_word' id='word_1_180' title='bbox 1359 1564 1561 1601; x_wconf 88' lang='lat' dir='ltr'><strong>snmus</strong></span> <span class='ocrx_word' id='word_1_181' title='bbox 1587 1549 1816 1616; x_wconf 89' lang='lat' dir='ltr'><strong>peccati</strong></span> <span class='ocrx_word' id='word_1_182' title='bbox 1835 1586 1853 1614; x_wconf 84' lang='lat'>‚</span> <span class='ocrx_word' id='word_1_183' title='bbox 1898 1548 2074 1601; x_wconf 85' lang='lat' dir='ltr'><strong>liberi</strong></span> <span class='ocrx_word' id='word_1_184' title='bbox 2100 1564 2298 1601; x_wconf 88' lang='lat' dir='ltr'><strong>sumus</strong></span> <span class='ocrx_word' id='word_1_185' title='bbox 2327 1566 2360 1599; x_wconf 85' lang='lat' dir='ltr'><strong>a</strong></span> <span class='ocrx_word' id='word_1_186' title='bbox 2384 1546 2659 1600; x_wconf 77' lang='lat' dir='ltr'><strong>iustitias</strong></span> 
     </span>
     <span class='ocr_line' id='line_1_20' title="bbox 368 1615 2662 1691; baseline -0.001 -18"><span class='ocrx_word' id='word_1_187' title='bbox 368 1622 515 1691; x_wconf 79' lang='lat' dir='ltr'><strong>quia</strong></span> <span class='ocrx_word' id='word_1_188' title='bbox 555 1618 685 1670; x_wconf 88' lang='lat' dir='ltr'><strong>sine</strong></span> <span class='ocrx_word' id='word_1_189' title='bbox 720 1616 867 1686; x_wconf 81' lang='lat' dir='ltr'><strong>iugo</strong></span> <span class='ocrx_word' id='word_1_190' title='bbox 910 1615 1244 1670; x_wconf 70' lang='lat' dir='ltr'><strong>lascivimus</strong></span> <span class='ocrx_word' id='word_1_191' title='bbox 1286 1617 1356 1667; x_wconf 76' lang='lat' dir='ltr'><strong>a&#39;c</strong></span> <span class='ocrx_word' id='word_1_192' title='bbox 1394 1633 1700 1684; x_wconf 78' lang='lat' dir='ltr'><strong>vagamur.</strong></span> <span class='ocrx_word' id='word_1_193' title='bbox 1773 1619 1973 1687; x_wconf 86' lang='lat' dir='ltr'><strong>Quare</strong></span> <span class='ocrx_word' id='word_1_194' title='bbox 2003 1633 2180 1672; x_wconf 89' lang='lat' dir='ltr'><strong>nemo</strong></span> <span class='ocrx_word' id='word_1_195' title='bbox 2210 1616 2327 1668; x_wconf 86' lang='lat' dir='ltr'><strong>rite</strong></span> <span class='ocrx_word' id='word_1_196' title='bbox 2357 1617 2428 1669; x_wconf 90' lang='lat' dir='ltr'><strong>ad</strong></span> <span class='ocrx_word' id='word_1_197' title='bbox 2453 1618 2662 1670; x_wconf 77' lang='lat' dir='ltr'><strong>Deum</strong></span> 
     </span>
     <span class='ocr_line' id='line_1_21' title="bbox 367 1679 2657 1750; baseline -0.002 -7"><span class='ocrx_word' id='word_1_198' title='bbox 367 1699 690 1744; x_wconf 72' lang='lat' dir='ltr'><strong>conversus</strong></span> <span class='ocrx_word' id='word_1_199' title='bbox 728 1695 851 1750; x_wconf 87' lang='lat' dir='ltr'><strong>cst,</strong></span> <span class='ocrx_word' id='word_1_200' title='bbox 895 1679 1013 1737; x_wconf 89' lang='lat' dir='ltr'><strong>nisi</strong></span> <span class='ocrx_word' id='word_1_201' title='bbox 1094 1685 1152 1737; x_wconf 90' lang='lat' dir='ltr'><strong>ui</strong></span> <span class='ocrx_word' id='word_1_202' title='bbox 1191 1701 1256 1736; x_wconf 92' lang='lat' dir='ltr'><strong>se</strong></span> <span class='ocrx_word' id='word_1_203' title='bbox 1289 1685 1382 1737; x_wconf 90' lang='lat' dir='ltr'><strong>illi</strong></span> <span class='ocrx_word' id='word_1_204' title='bbox 1421 1694 1619 1739; x_wconf 89' lang='lat' dir='ltr'><strong>totum</strong></span> <span class='ocrx_word' id='word_1_205' title='bbox 1657 1684 1722 1738; x_wconf 89' lang='lat' dir='ltr'><strong>in</strong></span> <span class='ocrx_word' id='word_1_206' title='bbox 1759 1688 2105 1738; x_wconf 83' lang='lat' dir='ltr'><strong>servitutem</strong></span> <span class='ocrx_word' id='word_1_207' title='bbox 2142 1685 2384 1737; x_wconf 83' lang='lat' dir='ltr'><strong>tradere</strong></span> <span class='ocrx_word' id='word_1_208' title='bbox 2416 1684 2657 1738; x_wconf 79' lang='lat' dir='ltr'><strong>didicit.</strong></span> 
     </span>
     <span class='ocr_line' id='line_1_22' title="bbox 304 1702 2655 1826; baseline -0.002 -15"><span class='ocrx_word' id='word_1_209' title='bbox 304 1777 308 1784; x_wconf 92' lang='lat'>·</span> <span class='ocrx_word' id='word_1_210' title='bbox 367 1758 483 1811; x_wconf 81' lang='lat' dir='ltr'><strong>Sed</strong></span> <span class='ocrx_word' id='word_1_211' title='bbox 520 1756 660 1826; x_wconf 84' lang='lat' dir='ltr'><strong>quia</strong></span> <span class='ocrx_word' id='word_1_212' title='bbox 698 1771 799 1807; x_wconf 86' lang='lat' dir='ltr'><strong>res</strong></span> <span class='ocrx_word' id='word_1_213' title='bbox 841 1759 931 1805; x_wconf 83' lang='lat' dir='ltr'><strong>est</strong></span> <span class='ocrx_word' id='word_1_214' title='bbox 970 1702 1285 1823; x_wconf 55' lang='lat' dir='ltr'><strong>philbquam</strong></span> <span class='ocrx_word' id='word_1_215' title='bbox 1327 1754 1629 1820; x_wconf 74' lang='lat' dir='ltr'><strong>difficilis,</strong></span> <span class='ocrx_word' id='word_1_216' title='bbox 1672 1754 1734 1806; x_wconf 88' lang='lat' dir='ltr'><strong>in</strong></span> <span class='ocrx_word' id='word_1_217' title='bbox 1757 1765 1928 1807; x_wconf 82' lang='lat' dir='ltr'><strong>tanta</strong></span> <span class='ocrx_word' id='word_1_218' title='bbox 1955 1762 2209 1807; x_wconf 88' lang='lat' dir='ltr'><strong>naturae</strong></span> <span class='ocrx_word' id='word_1_219' title='bbox 2235 1753 2655 1823; x_wconf 72' lang='lat' dir='ltr'><strong>corruptione:</strong></span> 
     </span>
    </p>
   </div>
   <div class='ocr_carea' id='block_1_7' title="bbox 185 1818 2659 1893">
    <p class='ocr_par' dir='ltr' id='par_1_7' title="bbox 185 1818 2659 1893">
     <span class='ocr_line' id='line_1_23' title="bbox 185 1818 2659 1893; baseline -0.003 -12"><span class='ocrx_word' id='word_1_220' title='bbox 185 1818 191 1838; x_wconf 71' lang='lat'><strong><em>¹</em></strong></span> <span class='ocrx_word' id='word_1_221' title='bbox 252 1863 259 1878; x_wconf 41' lang='lat' dir='ltr'>x</span> <span class='ocrx_word' id='word_1_222' title='bbox 360 1825 547 1881; x_wconf 81' lang='lat' dir='ltr'><strong>simul</strong></span> <span class='ocrx_word' id='word_1_223' title='bbox 584 1822 841 1877; x_wconf 83' lang='lat' dir='ltr'><strong>ostendit</strong></span> <span class='ocrx_word' id='word_1_224' title='bbox 878 1821 1016 1889; x_wconf 82' lang='lat' dir='ltr'><strong>quid</strong></span> <span class='ocrx_word' id='word_1_225' title='bbox 1048 1839 1156 1874; x_wconf 88' lang='lat' dir='ltr'><strong>nos</strong></span> <span class='ocrx_word' id='word_1_226' title='bbox 1189 1821 1253 1873; x_wconf 91' lang='lat' dir='ltr'><strong>in</strong></span> <span class='ocrx_word' id='word_1_227' title='bbox 1283 1822 1502 1876; x_wconf 88' lang='lat' dir='ltr'><strong>timore</strong></span> <span class='ocrx_word' id='word_1_228' title='bbox 1527 1824 1639 1876; x_wconf 88' lang='lat' dir='ltr'><strong>Dei</strong></span> <span class='ocrx_word' id='word_1_229' title='bbox 1665 1831 1725 1874; x_wconf 88' lang='lat' dir='ltr'><strong>et</strong></span> <span class='ocrx_word' id='word_1_230' title='bbox 1749 1823 2035 1893; x_wconf 81' lang='lat' dir='ltr'><strong>obsequio</strong></span> <span class='ocrx_word' id='word_1_231' title='bbox 2058 1823 2314 1886; x_wconf 71' lang='lat' dir='ltr'><strong>retineat</strong></span> <span class='ocrx_word' id='word_1_232' title='bbox 2340 1837 2408 1873; x_wconf 88' lang='lat' dir='ltr'><strong>ac</strong></span> <span class='ocrx_word' id='word_1_233' title='bbox 2432 1822 2659 1873; x_wconf 75' lang='lat' dir='ltr'><strong>confir-</strong></span> 
     </span>
    </p>
   </div>
   <div class='ocr_carea' id='block_1_8' title="bbox 359 1889 2658 2168">
    <p class='ocr_par' dir='ltr' id='par_1_8' title="bbox 359 1889 2658 2168">
     <span class='ocr_line' id='line_1_24' title="bbox 362 1889 2658 1961; baseline -0.001 -15"><span class='ocrx_word' id='word_1_234' title='bbox 362 1904 525 1961; x_wconf 82' lang='lat' dir='ltr'><strong>met,</strong></span> <span class='ocrx_word' id='word_1_235' title='bbox 578 1909 796 1960; x_wconf 80' lang='lat' dir='ltr'><strong>nempe</strong></span> <span class='ocrx_word' id='word_1_236' title='bbox 820 1889 1049 1943; x_wconf 76' lang='lat' dir='ltr'><strong>Christi</strong></span> <span class='ocrx_word' id='word_1_237' title='bbox 1088 1889 1472 1958; x_wconf 77' lang='lat' dir='ltr'><strong>exspectatio.</strong></span> <span class='ocrx_word' id='word_1_238' title='bbox 1557 1892 1683 1943; x_wconf 87' lang='lat' dir='ltr'><strong>Nisi</strong></span> <span class='ocrx_word' id='word_1_239' title='bbox 1713 1891 1877 1945; x_wconf 85' lang='lat' dir='ltr'><strong>enim</strong></span> <span class='ocrx_word' id='word_1_240' title='bbox 1903 1894 1964 1943; x_wconf 88' lang='lat' dir='ltr'><strong>in</strong></span> <span class='ocrx_word' id='word_1_241' title='bbox 1992 1909 2157 1960; x_wconf 86' lang='lat' dir='ltr'><strong>spem</strong></span> <span class='ocrx_word' id='word_1_242' title='bbox 2189 1892 2342 1941; x_wconf 84' lang='lat' dir='ltr'><strong>vitae</strong></span> <span class='ocrx_word' id='word_1_243' title='bbox 2371 1899 2658 1944; x_wconf 75' lang='lat' dir='ltr'><strong>aeternae</strong></span> 
     </span>
     <span class='ocr_line' id='line_1_25' title="bbox 366 1958 2657 2029; baseline -0.003 -11"><span class='ocrx_word' id='word_1_244' title='bbox 366 1961 556 2018; x_wconf 77' lang='lat' dir='ltr'><strong>erecti</strong></span> <span class='ocrx_word' id='word_1_245' title='bbox 592 1961 808 2024; x_wconf 76' lang='lat' dir='ltr'><strong>simus,</strong></span> <span class='ocrx_word' id='word_1_246' title='bbox 856 1961 1108 2012; x_wconf 89' lang='lat' dir='ltr'><strong>mundus</strong></span> <span class='ocrx_word' id='word_1_247' title='bbox 1148 1977 1259 2012; x_wconf 87' lang='lat' dir='ltr'><strong>nos</strong></span> <span class='ocrx_word' id='word_1_248' title='bbox 1299 1959 1574 2027; x_wconf 81' lang='lat' dir='ltr'><strong>protinus</strong></span> <span class='ocrx_word' id='word_1_249' title='bbox 1612 1962 1686 2012; x_wconf 87' lang='lat' dir='ltr'><strong>ad</strong></span> <span class='ocrx_word' id='word_1_250' title='bbox 1729 1976 1793 2012; x_wconf 91' lang='lat' dir='ltr'><strong>se</strong></span> <span class='ocrx_word' id='word_1_251' title='bbox 1830 1959 2046 2029; x_wconf 90' lang='lat' dir='ltr'><strong>rapiet.</strong></span> <span class='ocrx_word' id='word_1_252' title='bbox 2143 1958 2657 2029; x_wconf 73' lang='lat' dir='ltr'><strong>Quemadmodum</strong></span> 
     </span>
     <span class='ocr_line' id='line_1_26' title="bbox 363 2026 2656 2099; baseline -0.003 -14"><span class='ocrx_word' id='word_1_253' title='bbox 363 2032 527 2085; x_wconf 79' lang='lat' dir='ltr'><strong>enim</strong></span> <span class='ocrx_word' id='word_1_254' title='bbox 553 2030 684 2085; x_wconf 80' lang='lat' dir='ltr'><strong>sola</strong></span> <span class='ocrx_word' id='word_1_255' title='bbox 708 2036 802 2082; x_wconf 85' lang='lat' dir='ltr'><strong>est</strong></span> <span class='ocrx_word' id='word_1_256' title='bbox 830 2028 1062 2079; x_wconf 77' lang='lat' dir='ltr'><strong>divinae</strong></span> <span class='ocrx_word' id='word_1_257' title='bbox 1081 2028 1367 2081; x_wconf 88' lang='lat' dir='ltr'><strong>bonitatis</strong></span> <span class='ocrx_word' id='word_1_258' title='bbox 1392 2027 1609 2080; x_wconf 84' lang='lat' dir='ltr'><strong>fiducia</strong></span> <span class='ocrx_word' id='word_1_259' title='bbox 1625 2065 1643 2094; x_wconf 92' lang='lat'>,</span> <span class='ocrx_word' id='word_1_260' title='bbox 1695 2046 1851 2099; x_wconf 76' lang='lat' dir='ltr'><strong>qnae</strong></span> <span class='ocrx_word' id='word_1_261' title='bbox 1874 2045 1984 2081; x_wconf 89' lang='lat' dir='ltr'><strong>nos</strong></span> <span class='ocrx_word' id='word_1_262' title='bbox 2008 2026 2081 2080; x_wconf 82' lang='lat' dir='ltr'><strong>ad</strong></span> <span class='ocrx_word' id='word_1_263' title='bbox 2107 2028 2303 2082; x_wconf 88' lang='lat' dir='ltr'><strong>Deum</strong></span> <span class='ocrx_word' id='word_1_264' title='bbox 2327 2028 2656 2087; x_wconf 78' lang='lat' dir='ltr'><strong>colendum</strong></span> 
     </span>
     <span class='ocr_line' id='line_1_27' title="bbox 359 2095 2654 2168; baseline -0.003 -11"><span class='ocrx_word' id='word_1_265' title='bbox 359 2099 632 2157; x_wconf 73' lang='lat' dir='ltr'><strong>inducit:</strong></span> <span class='ocrx_word' id='word_1_266' title='bbox 678 2097 769 2150; x_wconf 89' lang='lat' dir='ltr'><strong>ita</strong></span> <span class='ocrx_word' id='word_1_267' title='bbox 801 2096 933 2149; x_wconf 90' lang='lat' dir='ltr'><strong>sola</strong></span> <span class='ocrx_word' id='word_1_268' title='bbox 961 2097 1211 2151; x_wconf 88' lang='lat' dir='ltr'><strong>ultimae</strong></span> <span class='ocrx_word' id='word_1_269' title='bbox 1235 2096 1668 2164; x_wconf 76' lang='lat' dir='ltr'><strong>redemptionis</strong></span> <span class='ocrx_word' id='word_1_270' title='bbox 1692 2097 2058 2168; x_wconf 68' lang='lat' dir='ltr'><strong>exspectatio</strong></span> <span class='ocrx_word' id='word_1_271' title='bbox 2081 2097 2235 2152; x_wconf 80' lang='lat' dir='ltr'><strong>facit</strong></span> <span class='ocrx_word' id='word_1_272' title='bbox 2260 2114 2334 2149; x_wconf 90' lang='lat' dir='ltr'><strong>ne</strong></span> <span class='ocrx_word' id='word_1_273' title='bbox 2358 2095 2654 2165; x_wconf 78' lang='lat' dir='ltr'><strong>defatige-</strong></span> 
     </span>
    </p>
   </div>
   <div class='ocr_carea' id='block_1_9' title="bbox 188 2159 2652 2247">
    <p class='ocr_par' dir='ltr' id='par_1_9' title="bbox 188 2159 2652 2247">
     <span class='ocr_line' id='line_1_28' title="bbox 188 2159 2652 2247; baseline -0.002 -24"><span class='ocrx_word' id='word_1_274' title='bbox 188 2225 191 2232; x_wconf 68' lang='grc'><strong>,</strong></span> <span class='ocrx_word' id='word_1_275' title='bbox 294 2165 301 2168; x_wconf 62' lang='grc'><strong>’</strong></span> <span class='ocrx_word' id='word_1_276' title='bbox 358 2186 523 2224; x_wconf 87' lang='lat' dir='ltr'><strong>snur.</strong></span> <span class='ocrx_word' id='word_1_277' title='bbox 580 2170 757 2237; x_wconf 56' lang='lat' dir='ltr'><strong>*Ergo</strong></span> <span class='ocrx_word' id='word_1_278' title='bbox 794 2164 1062 2247; x_wconf 63' lang='lat' dir='ltr'><strong>quisquis</strong></span> <span class='ocrx_word' id='word_1_279' title='bbox 1099 2166 1166 2218; x_wconf 91' lang='lat' dir='ltr'><strong>in</strong></span> <span class='ocrx_word' id='word_1_280' title='bbox 1204 2166 1369 2218; x_wconf 80' lang='lat' dir='ltr'><strong>vitae</strong></span> <span class='ocrx_word' id='word_1_281' title='bbox 1404 2175 1649 2218; x_wconf 86' lang='lat' dir='ltr'><strong>sanctae</strong></span> <span class='ocrx_word' id='word_1_282' title='bbox 1687 2182 1865 2218; x_wconf 87' lang='lat' dir='ltr'><strong>cursu</strong></span> <span class='ocrx_word' id='word_1_283' title='bbox 1902 2159 2288 2235; x_wconf 76' lang='lat' dir='ltr'><strong>perseverare</strong></span> <span class='ocrx_word' id='word_1_284' title='bbox 2326 2165 2520 2231; x_wconf 82' lang='lat' dir='ltr'><strong>volet,</strong></span> <span class='ocrx_word' id='word_1_285' title='bbox 2554 2173 2652 2217; x_wconf 52' lang='lat' dir='ltr'><strong>toi</strong></span> 
     </span>
    </p>
   </div>
   <div class='ocr_carea' id='block_1_10' title="bbox 276 2233 2714 3136">
    <p class='ocr_par' dir='ltr' id='par_1_10' title="bbox 357 2233 2656 2442">
     <span class='ocr_line' id='line_1_29' title="bbox 357 2233 2655 2305; baseline -0.002 -14"><span class='ocrx_word' id='word_1_286' title='bbox 357 2248 491 2294; x_wconf 72' lang='lat' dir='ltr'><strong>tam</strong></span> <span class='ocrx_word' id='word_1_287' title='bbox 515 2244 781 2292; x_wconf 81' lang='lat' dir='ltr'><strong>mentem</strong></span> <span class='ocrx_word' id='word_1_288' title='bbox 811 2234 1070 2303; x_wconf 76' lang='lat' dir='ltr'><strong>applicet</strong></span> <span class='ocrx_word' id='word_1_289' title='bbox 1097 2233 1171 2287; x_wconf 84' lang='lat' dir='ltr'><strong>ad</strong></span> <span class='ocrx_word' id='word_1_290' title='bbox 1201 2249 1370 2304; x_wconf 89' lang='lat' dir='ltr'><strong>spem</strong></span> <span class='ocrx_word' id='word_1_291' title='bbox 1398 2233 1689 2290; x_wconf 81' lang='lat' dir='ltr'><strong>adventus</strong></span> <span class='ocrx_word' id='word_1_292' title='bbox 1713 2234 1966 2294; x_wconf 80' lang='lat' dir='ltr'><strong>Christi.</strong></span> <span class='ocrx_word' id='word_1_293' title='bbox 2048 2237 2238 2305; x_wconf 77' lang='lat' dir='ltr'><strong>Atque</strong></span> <span class='ocrx_word' id='word_1_294' title='bbox 2276 2234 2395 2287; x_wconf 81' lang='lat' dir='ltr'><strong>hoc</strong></span> <span class='ocrx_word' id='word_1_295' title='bbox 2432 2244 2655 2290; x_wconf 79' lang='lat' dir='ltr'><strong>notatu</strong></span> 
     </span>
     <span class='ocr_line' id='line_1_30' title="bbox 357 2302 2656 2378; baseline -0.001 -20"><span class='ocrx_word' id='word_1_296' title='bbox 357 2306 650 2378; x_wconf 77' lang='lat' dir='ltr'><strong>dignum,</strong></span> <span class='ocrx_word' id='word_1_297' title='bbox 709 2303 871 2374; x_wconf 81' lang='lat' dir='ltr'><strong>quod</strong></span> <span class='ocrx_word' id='word_1_298' title='bbox 908 2303 1185 2376; x_wconf 24' lang='lat' dir='ltr'><strong>proxSper</strong></span> <span class='ocrx_word' id='word_1_299' title='bbox 1213 2312 1497 2358; x_wconf 74' lang='lat' dir='ltr'><strong>aeternae</strong></span> <span class='ocrx_word' id='word_1_300' title='bbox 1528 2302 1735 2356; x_wconf 84' lang='lat' dir='ltr'><strong>salutis</strong></span> <span class='ocrx_word' id='word_1_301' title='bbox 1775 2304 1952 2375; x_wconf 89' lang='lat' dir='ltr'><strong>ponit</strong></span> <span class='ocrx_word' id='word_1_302' title='bbox 1987 2302 2215 2355; x_wconf 80' lang='lat' dir='ltr'><strong>Christi</strong></span> <span class='ocrx_word' id='word_1_303' title='bbox 2258 2304 2656 2373; x_wconf 82' lang='lat' dir='ltr'><strong>exspectatio-</strong></span> 
     </span>
     <span class='ocr_line' id='line_1_31' title="bbox 357 2371 2656 2442; baseline -0.001 -13"><span class='ocrx_word' id='word_1_304' title='bbox 357 2393 522 2432; x_wconf 79' lang='lat' dir='ltr'><strong>nem.</strong></span> <span class='ocrx_word' id='word_1_305' title='bbox 552 2381 713 2427; x_wconf 65' lang='lat' dir='ltr'><strong>*nam</strong></span> <span class='ocrx_word' id='word_1_306' title='bbox 741 2381 910 2427; x_wconf 82' lang='lat' dir='ltr'><strong>certe</strong></span> <span class='ocrx_word' id='word_1_307' title='bbox 942 2374 1072 2430; x_wconf 89' lang='lat' dir='ltr'><strong>sine</strong></span> <span class='ocrx_word' id='word_1_308' title='bbox 1097 2371 1342 2426; x_wconf 82' lang='lat' dir='ltr'><strong>Christo</strong></span> <span class='ocrx_word' id='word_1_309' title='bbox 1367 2372 1589 2442; x_wconf 86' lang='lat' dir='ltr'><strong>perditi</strong></span> <span class='ocrx_word' id='word_1_310' title='bbox 1612 2389 1811 2426; x_wconf 90' lang='lat' dir='ltr'><strong>sumus</strong></span> <span class='ocrx_word' id='word_1_311' title='bbox 1833 2389 1907 2425; x_wconf 86' lang='lat' dir='ltr'><strong>ac</strong></span> <span class='ocrx_word' id='word_1_312' title='bbox 1933 2371 2256 2439; x_wconf 71' lang='lat' dir='ltr'><strong>desperetis</strong></span> <span class='ocrx_word' id='word_1_313' title='bbox 2306 2371 2406 2424; x_wconf 90' lang='lat' dir='ltr'><strong>ubi</strong></span> <span class='ocrx_word' id='word_1_314' title='bbox 2445 2380 2656 2426; x_wconf 83' lang='lat' dir='ltr'><strong>autem</strong></span> 
     </span>
    </p>

    <p class='ocr_par' dir='ltr' id='par_1_11' title="bbox 406 2439 2714 2512">
     <span class='ocr_line' id='line_1_32' title="bbox 406 2439 2714 2512; baseline -0.002 -14"><span class='ocrx_word' id='word_1_315' title='bbox 406 2444 571 2499; x_wconf 90' lang='lat' dir='ltr'><strong>rodit</strong></span> <span class='ocrx_word' id='word_1_316' title='bbox 647 2440 927 2508; x_wconf 82' lang='lat' dir='ltr'><strong>hristus,·</strong></span> <span class='ocrx_word' id='word_1_317' title='bbox 957 2441 1140 2509; x_wconf 73' lang='lat' dir='ltr'><strong>simul</strong></span> <span class='ocrx_word' id='word_1_318' title='bbox 1178 2441 1428 2512; x_wconf 78' lang='lat' dir='ltr'><strong>affulget</strong></span> <span class='ocrx_word' id='word_1_319' title='bbox 1468 2441 1591 2493; x_wconf 84' lang='lat' dir='ltr'><strong>vita</strong></span> <span class='ocrx_word' id='word_1_320' title='bbox 1626 2450 1684 2493; x_wconf 92' lang='lat' dir='ltr'><strong>et</strong></span> <span class='ocrx_word' id='word_1_321' title='bbox 1721 2440 2104 2512; x_wconf 77' lang='lat' dir='ltr'><strong>prosperitas.</strong></span> <span class='ocrx_word' id='word_1_322' title='bbox 2174 2439 2287 2495; x_wconf 64' lang='lat' dir='ltr'><strong>Sed</strong></span> <span class='ocrx_word' id='word_1_323' title='bbox 2314 2440 2429 2494; x_wconf 85' lang='lat' dir='ltr'><strong>hoc</strong></span> <span class='ocrx_word' id='word_1_324' title='bbox 2458 2439 2652 2501; x_wconf 81' lang='lat' dir='ltr'><strong>fideli·</strong></span> <span class='ocrx_word' id='word_1_325' title='bbox 2703 2478 2714 2481; x_wconf 55' lang='grc'><strong><em>«</em></strong></span> 
     </span>
    </p>

    <p class='ocr_par' dir='ltr' id='par_1_12' title="bbox 276 2506 2650 3136">
     <span class='ocr_line' id='line_1_33' title="bbox 405 2506 2649 2579; baseline -0 -11"><span class='ocrx_word' id='word_1_326' title='bbox 405 2531 471 2568; x_wconf 88' lang='lat' dir='ltr'><strong>us</strong></span> <span class='ocrx_word' id='word_1_327' title='bbox 498 2524 560 2567; x_wconf 88' lang='lat' dir='ltr'><strong>ta</strong></span> <span class='ocrx_word' id='word_1_328' title='bbox 630 2529 731 2565; x_wconf 85' lang='lat' dir='ltr'><strong>um</strong></span> <span class='ocrx_word' id='word_1_329' title='bbox 757 2510 877 2562; x_wconf 82' lang='lat' dir='ltr'><strong>dici</strong></span> <span class='ocrx_word' id='word_1_330' title='bbox 905 2509 1380 2565; x_wconf 76' lang='lat' dir='ltr'><strong>meminerimus:</strong></span> <span class='ocrx_word' id='word_1_331' title='bbox 1417 2510 1556 2563; x_wconf 85' lang='lat' dir='ltr'><strong>nam</strong></span> <span class='ocrx_word' id='word_1_332' title='bbox 1581 2506 1762 2573; x_wconf 85' lang='lat' dir='ltr'><strong>sicuti</strong></span> <span class='ocrx_word' id='word_1_333' title='bbox 1789 2509 1995 2579; x_wconf 84' lang='lat' dir='ltr'><strong>impiis</strong></span> <span class='ocrx_word' id='word_1_334' title='bbox 2020 2516 2303 2564; x_wconf 79' lang='lat' dir='ltr'><strong>venturus</strong></span> <span class='ocrx_word' id='word_1_335' title='bbox 2333 2520 2424 2563; x_wconf 89' lang='lat' dir='ltr'><strong>est</strong></span> <span class='ocrx_word' id='word_1_336' title='bbox 2446 2508 2649 2578; x_wconf 72' lang='lat' dir='ltr'><strong>iudex,</strong></span> 
     </span>
     <span class='ocr_line' id='line_1_34' title="bbox 358 2574 2649 2650; baseline -0.001 -14"><span class='ocrx_word' id='word_1_337' title='bbox 358 2583 452 2636; x_wconf 74' lang='lat' dir='ltr'><strong>ita</strong></span> <span class='ocrx_word' id='word_1_338' title='bbox 486 2582 650 2635; x_wconf 86' lang='lat' dir='ltr'><strong>nihil</strong></span> <span class='ocrx_word' id='word_1_339' title='bbox 681 2596 860 2650; x_wconf 85' lang='lat' dir='ltr'><strong>quam</strong></span> <span class='ocrx_word' id='word_1_340' title='bbox 896 2595 1288 2648; x_wconf 84' lang='lat' dir='ltr'><strong>expavescere</strong></span> <span class='ocrx_word' id='word_1_341' title='bbox 1314 2578 1388 2630; x_wconf 85' lang='lat' dir='ltr'><strong>ad</strong></span> <span class='ocrx_word' id='word_1_342' title='bbox 1419 2578 1549 2632; x_wconf 88' lang='lat' dir='ltr'><strong>eius</strong></span> <span class='ocrx_word' id='word_1_343' title='bbox 1579 2574 2373 2648; x_wconf 70' lang='lat' dir='ltr'><strong>exspectationem&#39;possunt.</strong></span> <span class='ocrx_word' id='word_1_344' title='bbox 2397 2625 2428 2637; x_wconf 53' lang='grc' dir='ltr'><em>Ι</em></span> <span class='ocrx_word' id='word_1_345' title='bbox 2455 2581 2649 2649; x_wconf 79' lang='lat' dir='ltr'><strong>Atque</strong></span> 
     </span>
     <span class='ocr_line' id='line_1_35' title="bbox 357 2645 2645 2720; baseline -0.001 -15"><span class='ocrx_word' id='word_1_346' title='bbox 357 2652 482 2705; x_wconf 77' lang='lat' dir='ltr'><strong>hoc</strong></span> <span class='ocrx_word' id='word_1_347' title='bbox 519 2660 612 2715; x_wconf 79' lang='lat' dir='ltr'><strong>est</strong></span> <span class='ocrx_word' id='word_1_348' title='bbox 652 2649 808 2720; x_wconf 79' lang='lat' dir='ltr'><strong>quod</strong></span> <span class='ocrx_word' id='word_1_349' title='bbox 846 2657 1053 2719; x_wconf 83' lang='lat' dir='ltr'><strong>postea</strong></span> <span class='ocrx_word' id='word_1_350' title='bbox 1092 2647 1369 2715; x_wconf 85' lang='lat' dir='ltr'><strong>subiicit,</strong></span> <span class='ocrx_word' id='word_1_351' title='bbox 1405 2648 1714 2705; x_wconf 80' lang='lat' dir='ltr'><strong>Christum</strong></span> <span class='ocrx_word' id='word_1_352' title='bbox 1736 2664 1842 2701; x_wconf 87' lang='lat' dir='ltr'><strong>nos</strong></span> <span class='ocrx_word' id='word_1_353' title='bbox 1871 2646 2131 2699; x_wconf 82' lang='lat' dir='ltr'><strong>liberare</strong></span> <span class='ocrx_word' id='word_1_354' title='bbox 2155 2648 2229 2701; x_wconf 88' lang='lat' dir='ltr'><strong>ab</strong></span> <span class='ocrx_word' id='word_1_355' title='bbox 2257 2645 2349 2701; x_wconf 87' lang='lat' dir='ltr'><strong>ira</strong></span> <span class='ocrx_word' id='word_1_356' title='bbox 2377 2656 2645 2702; x_wconf 80' lang='lat' dir='ltr'><strong>venturo.</strong></span> 
     </span>
     <span class='ocr_line' id='line_1_36' title="bbox 357 2714 2648 2786; baseline -0.002 -13"><span class='ocrx_word' id='word_1_357' title='bbox 357 2723 493 2775; x_wconf 74' lang='lat' dir='ltr'><strong>Hoc</strong></span> <span class='ocrx_word' id='word_1_358' title='bbox 530 2720 689 2777; x_wconf 76' lang='lat' dir='ltr'><strong>enim</strong></span> <span class='ocrx_word' id='word_1_359' title='bbox 724 2732 844 2770; x_wconf 91' lang='lat' dir='ltr'><strong>non</strong></span> <span class='ocrx_word' id='word_1_360' title='bbox 883 2716 989 2769; x_wconf 86' lang='lat' dir='ltr'><strong>alii</strong></span> <span class='ocrx_word' id='word_1_361' title='bbox 1036 2718 1342 2783; x_wconf 79' lang='lat' dir='ltr'><strong>sentiunt,</strong></span> <span class='ocrx_word' id='word_1_362' title='bbox 1393 2716 1514 2768; x_wconf 86' lang='lat' dir='ltr'><strong>nisi</strong></span> <span class='ocrx_word' id='word_1_363' title='bbox 1555 2715 1658 2786; x_wconf 84' lang='lat' dir='ltr'><strong>qui</strong></span> <span class='ocrx_word' id='word_1_364' title='bbox 1705 2730 1812 2785; x_wconf 80' lang='lat' dir='ltr'><strong>per</strong></span> <span class='ocrx_word' id='word_1_365' title='bbox 1846 2715 2025 2771; x_wconf 84' lang='lat' dir='ltr'><strong>fidem</strong></span> <span class='ocrx_word' id='word_1_366' title='bbox 2063 2717 2197 2769; x_wconf 91' lang='lat' dir='ltr'><strong>Deo</strong></span> <span class='ocrx_word' id='word_1_367' title='bbox 2240 2714 2648 2784; x_wconf 80' lang='lat' dir='ltr'><strong>reconciliati,</strong></span> 
     </span>
     <span class='ocr_line' id='line_1_37' title="bbox 357 2783 2645 2859; baseline -0.002 -16"><span class='ocrx_word' id='word_1_368' title='bbox 357 2790 803 2859; x_wconf 78' lang='lat' dir='ltr'><strong>iam&#39;pacatam</strong></span> <span class='ocrx_word' id='word_1_369' title='bbox 842 2786 1263 2839; x_wconf 84' lang='lat' dir='ltr'><strong>conscientiam</strong></span> <span class='ocrx_word' id='word_1_370' title='bbox 1298 2785 1586 2840; x_wconf 82' lang='lat' dir='ltr'><strong>habeant:</strong></span> <span class='ocrx_word' id='word_1_371' title='bbox 1643 2784 1784 2837; x_wconf 87' lang='lat' dir='ltr'><strong>alias</strong></span> <span class='ocrx_word' id='word_1_372' title='bbox 1824 2784 2200 2838; x_wconf 80' lang='lat' dir='ltr'><strong>formidabile</strong></span> <span class='ocrx_word' id='word_1_373' title='bbox 2245 2794 2335 2837; x_wconf 87' lang='lat' dir='ltr'><strong>est</strong></span> <span class='ocrx_word' id='word_1_374' title='bbox 2374 2783 2500 2836; x_wconf 86' lang='lat' dir='ltr'><strong>eius</strong></span> <span class='ocrx_word' id='word_1_375' title='bbox 2535 2801 2645 2838; x_wconf 88' lang='lat' dir='ltr'><strong>no·</strong></span> 
     </span>
     <span class='ocr_line' id='line_1_38' title="bbox 355 2851 2643 2924; baseline -0.002 -12"><span class='ocrx_word' id='word_1_376' title='bbox 355 2875 521 2912; x_wconf 80' lang='lat' dir='ltr'><strong>men.</strong></span> <span class='ocrx_word' id='word_1_377' title='bbox 588 2858 911 2909; x_wconf 87' lang='lat' dir='ltr'><strong>Caeterum</strong></span> <span class='ocrx_word' id='word_1_378' title='bbox 936 2853 1218 2910; x_wconf 81' lang='lat' dir='ltr'><strong>liberavit</strong></span> <span class='ocrx_word' id='word_1_379' title='bbox 1243 2871 1350 2907; x_wconf 88' lang='lat' dir='ltr'><strong>nos</strong></span> <span class='ocrx_word' id='word_1_380' title='bbox 1377 2855 1623 2924; x_wconf 81' lang='lat' dir='ltr'><strong>quidem</strong></span> <span class='ocrx_word' id='word_1_381' title='bbox 1650 2862 1844 2907; x_wconf 87' lang='lat' dir='ltr'><strong>morte</strong></span> <span class='ocrx_word' id='word_1_382' title='bbox 1869 2871 1976 2907; x_wconf 84' lang='lat' dir='ltr'><strong>sua</strong></span> <span class='ocrx_word' id='word_1_383' title='bbox 1991 2852 2265 2907; x_wconf 80' lang='lat' dir='ltr'><strong>Christus</strong></span> <span class='ocrx_word' id='word_1_384' title='bbox 2298 2854 2370 2906; x_wconf 90' lang='lat' dir='ltr'><strong>ab</strong></span> <span class='ocrx_word' id='word_1_385' title='bbox 2397 2851 2485 2906; x_wconf 81' lang='lat' dir='ltr'><strong>ira</strong></span> <span class='ocrx_word' id='word_1_386' title='bbox 2500 2853 2643 2908; x_wconf 79' lang='lat' dir='ltr'><strong>Dei:</strong></span> 
     </span>
     <span class='ocr_line' id='line_1_39' title="bbox 356 2919 2649 2996; baseline -0.001 -15"><span class='ocrx_word' id='word_1_387' title='bbox 356 2927 470 2981; x_wconf 78' lang='lat' dir='ltr'><strong>sed</strong></span> <span class='ocrx_word' id='word_1_388' title='bbox 509 2926 651 2996; x_wconf 78' lang='lat' dir='ltr'><strong>quid</strong></span> <span class='ocrx_word' id='word_1_389' title='bbox 689 2924 970 2978; x_wconf 86' lang='lat' dir='ltr'><strong>liberatio</strong></span> <span class='ocrx_word' id='word_1_390' title='bbox 1006 2922 1115 2979; x_wconf 91' lang='lat' dir='ltr'><strong>illa</strong></span> <span class='ocrx_word' id='word_1_391' title='bbox 1150 2923 1380 2988; x_wconf 80' lang='lat' dir='ltr'><strong>valeat,</strong></span> <span class='ocrx_word' id='word_1_392' title='bbox 1429 2924 1656 2993; x_wconf 76' lang='lat' dir='ltr'><strong>patebit</strong></span> <span class='ocrx_word' id='word_1_393' title='bbox 1685 2928 1951 2977; x_wconf 78' lang='lat' dir='ltr'><strong>extremo</strong></span> <span class='ocrx_word' id='word_1_394' title='bbox 1982 2919 2097 2976; x_wconf 85' lang='lat' dir='ltr'><strong>die.</strong></span> <span class='ocrx_word' id='word_1_395' title='bbox 2170 2921 2418 2976; x_wconf 83' lang='lat' dir='ltr'><strong>Constat</strong></span> <span class='ocrx_word' id='word_1_396' title='bbox 2446 2933 2649 2978; x_wconf 84' lang='lat' dir='ltr'><strong>autem</strong></span> 
     </span>
     <span class='ocr_line' id='line_1_40' title="bbox 276 2989 2650 3063; baseline -0 -16"><span class='ocrx_word' id='word_1_397' title='bbox 276 3032 287 3047; x_wconf 33' lang='lat' dir='ltr'><strong>i</strong></span> <span class='ocrx_word' id='word_1_398' title='bbox 354 2996 662 3050; x_wconf 79' lang='lat' dir='ltr'><strong>sententia</strong></span> <span class='ocrx_word' id='word_1_399' title='bbox 688 2993 837 3047; x_wconf 86' lang='lat' dir='ltr'><strong>haec</strong></span> <span class='ocrx_word' id='word_1_400' title='bbox 862 2992 1088 3047; x_wconf 85' lang='lat' dir='ltr'><strong>duobus</strong></span> <span class='ocrx_word' id='word_1_401' title='bbox 1115 2993 1416 3047; x_wconf 86' lang='lat' dir='ltr'><strong>membris.</strong></span> <span class='ocrx_word' id='word_1_402' title='bbox 1497 2993 1673 3045; x_wconf 87' lang='lat' dir='ltr'><strong>Prius</strong></span> <span class='ocrx_word' id='word_1_403' title='bbox 1700 3001 1822 3060; x_wconf 82' lang='lat' dir='ltr'><strong>est,</strong></span> <span class='ocrx_word' id='word_1_404' title='bbox 1862 2989 2021 3063; x_wconf 82' lang='lat' dir='ltr'><strong>quod</strong></span> <span class='ocrx_word' id='word_1_405' title='bbox 2047 2991 2137 3045; x_wconf 85' lang='lat' dir='ltr'><strong>ira</strong></span> <span class='ocrx_word' id='word_1_406' title='bbox 2160 2991 2277 3045; x_wconf 85' lang='lat' dir='ltr'><strong>De&#39;i</strong></span> <span class='ocrx_word' id='word_1_407' title='bbox 2307 3002 2650 3046; x_wconf 83' lang='lat' dir='ltr'><strong>aeternum·</strong></span> 
     </span>
     <span class='ocr_line' id='line_1_41' title="bbox 358 3060 2649 3136; baseline -0.002 -18"><span class='ocrx_word' id='word_1_408' title='bbox 358 3082 477 3136; x_wconf 82' lang='lat' dir='ltr'><strong>que</strong></span> <span class='ocrx_word' id='word_1_409' title='bbox 512 3063 769 3117; x_wconf 51' lang='lat' dir='ltr'><strong>exitium¹</strong></span> <span class='ocrx_word' id='word_1_410' title='bbox 801 3062 1063 3116; x_wconf 86' lang='lat' dir='ltr'><strong>humano</strong></span> <span class='ocrx_word' id='word_1_411' title='bbox 1100 3062 1309 3133; x_wconf 82' lang='lat' dir='ltr'><strong>generi</strong></span> <span class='ocrx_word' id='word_1_412' title='bbox 1345 3061 1647 3114; x_wconf 75' lang='lat' dir='ltr'><strong>imminet:</strong></span> <span class='ocrx_word' id='word_1_413' title='bbox 1703 3060 1841 3131; x_wconf 82' lang='lat' dir='ltr'><strong>quia</strong></span> <span class='ocrx_word' id='word_1_414' title='bbox 1866 3069 2191 3128; x_wconf 86' lang='lat' dir='ltr'><strong>peccarunt</strong></span> <span class='ocrx_word' id='word_1_415' title='bbox 2221 3077 2422 3113; x_wconf 87' lang='lat' dir='ltr'><strong>omnes</strong></span> <span class='ocrx_word' id='word_1_416' title='bbox 2448 3076 2519 3113; x_wconf 93' lang='lat' dir='ltr'><strong>ac</strong></span> <span class='ocrx_word' id='word_1_417' title='bbox 2545 3061 2649 3114; x_wconf 82' lang='lat' dir='ltr'><strong>de-</strong></span> 
     </span>
    </p>
   </div>
   <div class='ocr_carea' id='block_1_11' title="bbox 359 3128 2652 3201">
    <p class='ocr_par' dir='ltr' id='par_1_13' title="bbox 359 3128 2768 3201">
     <span class='ocr_line' id='line_1_42' title="bbox 359 3128 2652 3201; baseline -0.005 -12"><span class='ocrx_word' id='word_1_418' title='bbox 359 3134 693 3189; x_wconf 80' lang='lat' dir='ltr'><strong>stituuntur</strong></span> <span class='ocrx_word' id='word_1_419' title='bbox 726 3130 924 3199; x_wconf 76' lang='lat' dir='ltr'><strong>gloria</strong></span> <span class='ocrx_word' id='word_1_420' title='bbox 954 3128 1089 3183; x_wconf 83' lang='lat' dir='ltr'><strong>Dei.</strong></span> <span class='ocrx_word' id='word_1_421' title='bbox 1173 3131 1444 3184; x_wconf 79' lang='lat' dir='ltr'><strong>Alterum</strong></span> <span class='ocrx_word' id='word_1_422' title='bbox 1483 3128 1641 3201; x_wconf 76' lang='lat' dir='ltr'><strong>quod</strong></span> <span class='ocrx_word' id='word_1_423' title='bbox 1683 3147 1806 3183; x_wconf 91' lang='lat' dir='ltr'><strong>non</strong></span> <span class='ocrx_word' id='word_1_424' title='bbox 1840 3129 1960 3183; x_wconf 88' lang='lat' dir='ltr'><strong>alia</strong></span> <span class='ocrx_word' id='word_1_425' title='bbox 2000 3129 2328 3198; x_wconf 76' lang='lat' dir='ltr'><strong>effugiendi</strong></span> <span class='ocrx_word' id='word_1_426' title='bbox 2357 3129 2514 3180; x_wconf 82' lang='lat' dir='ltr'><strong>ratio</strong></span> <span class='ocrx_word' id='word_1_427' title='bbox 2558 3131 2652 3185; x_wconf 78' lang='lat' dir='ltr'><strong>est</strong></span> 
     </span>
    </p>
   </div>
   <div class='ocr_carea' id='block_1_12' title="bbox 284 3196 2654 4287">
    <p class='ocr_par' dir='ltr' id='par_1_14' title="bbox 296 3196 2654 4008">
     <span class='ocr_line' id='line_1_43' title="bbox 344 3196 2650 3269; baseline -0.001 -15"><span class='ocrx_word' id='word_1_428' title='bbox 344 3202 478 3255; x_wconf 65' lang='lat' dir='ltr'><strong>‘nisi</strong></span> <span class='ocrx_word' id='word_1_429' title='bbox 504 3218 617 3269; x_wconf 88' lang='lat' dir='ltr'><strong>per</strong></span> <span class='ocrx_word' id='word_1_430' title='bbox 644 3198 870 3253; x_wconf 85' lang='lat' dir='ltr'><strong>Christi</strong></span> <span class='ocrx_word' id='word_1_431' title='bbox 895 3199 1186 3267; x_wconf 77' lang='lat' dir='ltr'><strong>gra-tiam:</strong></span> <span class='ocrx_word' id='word_1_432' title='bbox 1266 3199 1368 3253; x_wconf 88' lang='lat' dir='ltr'><strong>uia</strong></span> <span class='ocrx_word' id='word_1_433' title='bbox 1387 3216 1509 3252; x_wconf 87' lang='lat' dir='ltr'><strong>non</strong></span> <span class='ocrx_word' id='word_1_434' title='bbox 1538 3201 1762 3252; x_wconf 73' lang='lat' dir='ltr'><strong>frustra</strong></span> <span class='ocrx_word' id='word_1_435' title='bbox 1785 3198 1894 3253; x_wconf 84' lang='lat' dir='ltr'><strong>bas</strong></span> <span class='ocrx_word' id='word_1_436' title='bbox 1922 3196 2243 3265; x_wconf 83' lang='lat' dir='ltr'><strong>illi.partes</strong></span> <span class='ocrx_word' id='word_1_437' title='bbox 2268 3197 2482 3250; x_wconf 78' lang='lat' dir='ltr'><strong>Paulus</strong></span> <span class='ocrx_word' id='word_1_438' title='bbox 2499 3199 2650 3257; x_wconf 26' lang='lat' dir='ltr'><strong>*vin-</strong></span> 
     </span>
     <span class='ocr_line' id='line_1_44' title="bbox 355 3264 2648 3336; baseline -0.002 -12"><span class='ocrx_word' id='word_1_439' title='bbox 355 3272 539 3324; x_wconf 80' lang='lat' dir='ltr'><strong>dicat.</strong></span> <span class='ocrx_word' id='word_1_440' title='bbox 610 3269 726 3321; x_wconf 87' lang='lat' dir='ltr'><strong>Sed</strong></span> <span class='ocrx_word' id='word_1_441' title='bbox 763 3266 883 3320; x_wconf 79' lang='lat' dir='ltr'><strong>hoc</strong></span> <span class='ocrx_word' id='word_1_442' title='bbox 918 3267 1236 3329; x_wconf 26' lang='lat' dir='ltr'><strong>inaesltima</strong></span> <span class='ocrx_word' id='word_1_443' title='bbox 1282 3268 1368 3320; x_wconf 78' lang='lat' dir='ltr'><strong>ile</strong></span> <span class='ocrx_word' id='word_1_444' title='bbox 1406 3276 1499 3321; x_wconf 83' lang='lat' dir='ltr'><strong>est</strong></span> <span class='ocrx_word' id='word_1_445' title='bbox 1538 3268 1790 3333; x_wconf 80' lang='lat' dir='ltr'><strong>donum,</strong></span> <span class='ocrx_word' id='word_1_446' title='bbox 1826 3264 1982 3336; x_wconf 76' lang='lat' dir='ltr'><strong>quod</strong></span> <span class='ocrx_word' id='word_1_447' title='bbox 2011 3265 2131 3334; x_wconf 88' lang='lat' dir='ltr'><strong>pii,</strong></span> <span class='ocrx_word' id='word_1_448' title='bbox 2169 3265 2648 3336; x_wconf 83' lang='lat' dir='ltr'><strong>quoties.iudicii</strong></span> 
     </span>
     <span class='ocr_line' id='line_1_45' title="bbox 302 3332 2651 3406; baseline -0.001 -14"><span class='ocrx_word' id='word_1_449' title='bbox 302 3342 305 3345; x_wconf 69' lang='grc'>“</span> <span class='ocrx_word' id='word_1_450' title='bbox 355 3339 430 3395; x_wconf 77' lang='lat' dir='ltr'><strong>fit</strong></span> <span class='ocrx_word' id='word_1_451' title='bbox 454 3338 703 3400; x_wconf 83' lang='lat' dir='ltr'><strong>mentio,</strong></span> <span class='ocrx_word' id='word_1_452' title='bbox 740 3335 1044 3393; x_wconf 87' lang='lat' dir='ltr'><strong>Christum</strong></span> <span class='ocrx_word' id='word_1_453' title='bbox 1072 3335 1183 3389; x_wconf 87' lang='lat' dir='ltr'><strong>sibi</strong></span> <span class='ocrx_word' id='word_1_454' title='bbox 1209 3336 1648 3405; x_wconf 86' lang='lat' dir='ltr'><strong>redemptorem</strong></span> <span class='ocrx_word' id='word_1_455' title='bbox 1677 3345 1992 3388; x_wconf 83' lang='lat' dir='ltr'><strong>venturum</strong></span> <span class='ocrx_word' id='word_1_456' title='bbox 2021 3332 2238 3389; x_wconf 85' lang='lat' dir='ltr'><strong>s&#39;ciunt.</strong></span> <span class='ocrx_word' id='word_1_457' title='bbox 2305 3334 2467 3390; x_wconf 75' lang='lat' dir='ltr'><strong>Adde</strong></span> <span class='ocrx_word' id='word_1_458' title='bbox 2489 3332 2651 3406; x_wconf 76' lang='lat' dir='ltr'><strong>quod</strong></span> 
     </span>
     <span class='ocr_line' id='line_1_46' title="bbox 358 3403 2651 3474; baseline -0 -15"><span class='ocrx_word' id='word_1_459' title='bbox 358 3403 586 3460; x_wconf 80' lang='lat' dir='ltr'><strong>disci-te</strong></span> <span class='ocrx_word' id='word_1_460' title='bbox 613 3405 784 3474; x_wconf 88' lang='lat' dir='ltr'><strong>ponit</strong></span> <span class='ocrx_word' id='word_1_461' title='bbox 811 3404 964 3455; x_wconf 88' lang='lat' dir='ltr'><strong>iram</strong></span> <span class='ocrx_word' id='word_1_462' title='bbox 995 3414 1340 3470; x_wconf 70' lang='lat' dir='ltr'><strong>venturam,</strong></span> <span class='ocrx_word' id='word_1_463' title='bbox 1375 3413 1444 3456; x_wconf 92' lang='lat' dir='ltr'><strong>ut</strong></span> <span class='ocrx_word' id='word_1_464' title='bbox 1471 3405 1591 3472; x_wconf 88' lang='lat' dir='ltr'><strong>pias</strong></span> <span class='ocrx_word' id='word_1_465' title='bbox 1622 3413 1849 3457; x_wconf 86' lang='lat' dir='ltr'><strong>mentes</strong></span> <span class='ocrx_word' id='word_1_466' title='bbox 1872 3419 2108 3458; x_wconf 88' lang='lat' dir='ltr'><strong>sursum</strong></span> <span class='ocrx_word' id='word_1_467' title='bbox 2133 3404 2331 3472; x_wconf 80' lang='lat' dir='ltr'><strong>erigat</strong></span> <span class='ocrx_word' id='word_1_468' title='bbox 2349 3441 2365 3467; x_wconf 88' lang='lat'>,</span> <span class='ocrx_word' id='word_1_469' title='bbox 2404 3420 2482 3455; x_wconf 89' lang='lat' dir='ltr'><strong>ne</strong></span> <span class='ocrx_word' id='word_1_470' title='bbox 2507 3405 2651 3460; x_wconf 87' lang='lat' dir='ltr'><strong>snb·</strong></span> 
     </span>
     <span class='ocr_line' id='line_1_47' title="bbox 348 3470 2651 3542; baseline -0 -13"><span class='ocrx_word' id='word_1_471' title='bbox 348 3476 563 3529; x_wconf 71' lang='lat' dir='ltr'><strong>&#39;sidant</strong></span> <span class='ocrx_word' id='word_1_472' title='bbox 599 3473 662 3526; x_wconf 89' lang='lat' dir='ltr'><strong>in</strong></span> <span class='ocrx_word' id='word_1_473' title='bbox 703 3471 1061 3542; x_wconf 71' lang='lat' dir='ltr'><strong>praesentis,</strong></span> <span class='ocrx_word' id='word_1_474' title='bbox 1088 3473 1242 3531; x_wconf 81' lang='lat' dir='ltr'><strong>vitae</strong></span> <span class='ocrx_word' id='word_1_475' title='bbox 1281 3470 1555 3537; x_wconf 59' lang='lat' dir='ltr'><strong>intuitu.</strong></span> <span class='ocrx_word' id='word_1_476' title='bbox 1603 3475 1755 3526; x_wconf 88' lang='lat' dir='ltr'><strong>Nam</strong></span> <span class='ocrx_word' id='word_1_477' title='bbox 1783 3487 1962 3542; x_wconf 86' lang='lat' dir='ltr'><strong>quum</strong></span> <span class='ocrx_word' id='word_1_478' title='bbox 1989 3471 2133 3525; x_wconf 82' lang='lat' dir='ltr'><strong>fides</strong></span> <span class='ocrx_word' id='word_1_479' title='bbox 2161 3472 2309 3524; x_wconf 81' lang='lat' dir='ltr'><strong>visio</strong></span> <span class='ocrx_word' id='word_1_480' title='bbox 2338 3470 2418 3524; x_wconf 88' lang='lat' dir='ltr'><strong>sit</strong></span> <span class='ocrx_word' id='word_1_481' title='bbox 2446 3488 2651 3528; x_wconf 84' lang='lat' dir='ltr'><strong>rerum</strong></span> 
     </span>
     <span class='ocr_line' id='line_1_48' title="bbox 350 3540 2651 3622; baseline -0.002 -22"><span class='ocrx_word' id='word_1_482' title='bbox 350 3561 476 3600; x_wconf 74' lang='lat' dir='ltr'><strong>non</strong></span> <span class='ocrx_word' id='word_1_483' title='bbox 503 3540 926 3612; x_wconf 79' lang='lat' dir='ltr'><strong>apparentium</strong></span> <span class='ocrx_word' id='word_1_484' title='bbox 953 3541 1167 3604; x_wconf 79' lang='lat' dir='ltr'><strong>(Hebr.</strong></span> <span class='ocrx_word' id='word_1_485' title='bbox 1199 3541 1287 3605; x_wconf 81' lang='lat'><strong>11,</strong></span> <span class='ocrx_word' id='word_1_486' title='bbox 1307 3541 1404 3608; x_wconf 56' lang='lat'><strong>1.)5</strong></span> <span class='ocrx_word' id='word_1_487' title='bbox 1448 3541 1602 3593; x_wconf 84' lang='lat' dir='ltr'><strong>nihil</strong></span> <span class='ocrx_word' id='word_1_488' title='bbox 1629 3541 1825 3594; x_wconf 84' lang='lat' dir='ltr'><strong>minus</strong></span> <span class='ocrx_word' id='word_1_489' title='bbox 1859 3549 2325 3595; x_wconf 86' lang='lat' dir='ltr'><strong>consentaneum</strong></span> <span class='ocrx_word' id='word_1_490' title='bbox 2355 3552 2444 3595; x_wconf 88' lang='lat' dir='ltr'><strong>est</strong></span> <span class='ocrx_word' id='word_1_491' title='bbox 2472 3550 2651 3622; x_wconf 70' lang='lat' dir='ltr'><strong>quam</strong></span> 
     </span>
     <span class='ocr_line' id='line_1_49' title="bbox 354 3607 2652 3679; baseline -0.002 -12"><span class='ocrx_word' id='word_1_492' title='bbox 354 3623 429 3668; x_wconf 82' lang='lat' dir='ltr'><strong>ut</strong></span> <span class='ocrx_word' id='word_1_493' title='bbox 464 3611 622 3664; x_wconf 87' lang='lat' dir='ltr'><strong>iram</strong></span> <span class='ocrx_word' id='word_1_494' title='bbox 646 3607 765 3663; x_wconf 87' lang='lat' dir='ltr'><strong>Dei</strong></span> <span class='ocrx_word' id='word_1_495' title='bbox 801 3608 1117 3662; x_wconf 87' lang='lat' dir='ltr'><strong>metiamur</strong></span> <span class='ocrx_word' id='word_1_496' title='bbox 1157 3618 1340 3678; x_wconf 85' lang='lat' dir='ltr'><strong>prout</strong></span> <span class='ocrx_word' id='word_1_497' title='bbox 1377 3607 1686 3679; x_wconf 75' lang='lat' dir='ltr'><strong>quisquam</strong></span> <span class='ocrx_word' id='word_1_498' title='bbox 1723 3607 2022 3679; x_wconf 70' lang='lat' dir='ltr'><strong>affligitur</strong></span> <span class='ocrx_word' id='word_1_499' title='bbox 2057 3608 2121 3662; x_wconf 87' lang='lat' dir='ltr'><strong>in</strong></span> <span class='ocrx_word' id='word_1_500' title='bbox 2149 3609 2418 3665; x_wconf 81' lang='lat' dir='ltr'><strong>mundo:</strong></span> <span class='ocrx_word' id='word_1_501' title='bbox 2464 3612 2652 3666; x_wconf 74' lang='lat' dir='ltr'><strong>sicuti</strong></span> 
     </span>
     <span class='ocr_line' id='line_1_50' title="bbox 296 3677 2652 3750; baseline 0 -17"><span class='ocrx_word' id='word_1_502' title='bbox 296 3702 307 3707; x_wconf 50' lang='grc'><em>“</em></span> <span class='ocrx_word' id='word_1_503' title='bbox 349 3681 514 3735; x_wconf 72' lang='lat' dir='ltr'><strong>mihil</strong></span> <span class='ocrx_word' id='word_1_504' title='bbox 548 3679 735 3750; x_wconf 83' lang='lat' dir='ltr'><strong>magis</strong></span> <span class='ocrx_word' id='word_1_505' title='bbox 775 3678 1095 3732; x_wconf 78' lang='lat' dir='ltr'><strong>absurdum</strong></span> <span class='ocrx_word' id='word_1_506' title='bbox 1136 3695 1313 3748; x_wconf 79' lang='lat' dir='ltr'><strong>quam</strong></span> <span class='ocrx_word' id='word_1_507' title='bbox 1348 3677 1621 3747; x_wconf 81' lang='lat' dir='ltr'><strong>arripere</strong></span> <span class='ocrx_word' id='word_1_508' title='bbox 1656 3677 1882 3745; x_wconf 68' lang='lat' dir='ltr'><strong>caduca</strong></span> <span class='ocrx_word' id='word_1_509' title='bbox 1901 3679 2093 3746; x_wconf 87' lang='lat' dir='ltr'><strong>bona,</strong></span> <span class='ocrx_word' id='word_1_510' title='bbox 2130 3679 2343 3749; x_wconf 85' lang='lat' dir='ltr'><strong>quibus</strong></span> <span class='ocrx_word' id='word_1_511' title='bbox 2369 3678 2652 3748; x_wconf 80' lang='lat' dir='ltr'><strong>fruimur,</strong></span> 
     </span>
     <span class='ocr_line' id='line_1_51' title="bbox 354 3740 2654 3818; baseline -0.001 -15"><span class='ocrx_word' id='word_1_512' title='bbox 354 3748 426 3803; x_wconf 71' lang='lat' dir='ltr'><strong>nt</strong></span> <span class='ocrx_word' id='word_1_513' title='bbox 446 3747 583 3812; x_wconf 84' lang='lat' dir='ltr'><strong>inde</strong></span> <span class='ocrx_word' id='word_1_514' title='bbox 612 3747 991 3801; x_wconf 83' lang='lat' dir='ltr'><strong>aestimemus</strong></span> <span class='ocrx_word' id='word_1_515' title='bbox 1018 3745 1135 3799; x_wconf 88' lang='lat' dir='ltr'><strong>Dei</strong></span> <span class='ocrx_word' id='word_1_516' title='bbox 1160 3740 1442 3815; x_wconf 72' lang='lat' dir='ltr'><strong>gratiam.</strong></span> <span class='ocrx_word' id='word_1_517' title='bbox 1512 3745 1828 3800; x_wconf 87' lang='lat' dir='ltr'><strong>Discamus</strong></span> <span class='ocrx_word' id='word_1_518' title='bbox 1853 3763 1997 3818; x_wconf 74' lang='lat' dir='ltr'><strong>ergo</strong></span> <span class='ocrx_word' id='word_1_519' title='bbox 2015 3784 2033 3812; x_wconf 84' lang='lat'>‚</span> <span class='ocrx_word' id='word_1_520' title='bbox 2067 3748 2207 3802; x_wconf 85' lang='lat' dir='ltr'><strong>dum</strong></span> <span class='ocrx_word' id='word_1_521' title='bbox 2237 3765 2447 3802; x_wconf 87' lang='lat' dir='ltr'><strong>secure</strong></span> <span class='ocrx_word' id='word_1_522' title='bbox 2476 3747 2654 3802; x_wconf 81' lang='lat' dir='ltr'><strong>luxu-</strong></span> 
     </span>
     <span class='ocr_line' id='line_1_52' title="bbox 354 3816 2654 3887; baseline -0 -16"><span class='ocrx_word' id='word_1_523' title='bbox 354 3817 598 3871; x_wconf 75' lang='lat' dir='ltr'><strong>riantur</strong></span> <span class='ocrx_word' id='word_1_524' title='bbox 615 3816 834 3884; x_wconf 80' lang='lat' dir='ltr'><strong>impii,</strong></span> <span class='ocrx_word' id='word_1_525' title='bbox 869 3824 933 3867; x_wconf 88' lang='lat' dir='ltr'><strong>et</strong></span> <span class='ocrx_word' id='word_1_526' title='bbox 955 3830 1067 3867; x_wconf 87' lang='lat' dir='ltr'><strong>nos</strong></span> <span class='ocrx_word' id='word_1_527' title='bbox 1092 3817 1310 3871; x_wconf 81' lang='lat' dir='ltr'><strong>misere</strong></span> <span class='ocrx_word' id='word_1_528' title='bbox 1335 3816 1720 3883; x_wconf 76' lang='lat' dir='ltr'><strong>languemus,</strong></span> <span class='ocrx_word' id='word_1_529' title='bbox 1755 3817 2077 3870; x_wconf 80' lang='lat' dir='ltr'><strong>vindictam</strong></span> <span class='ocrx_word' id='word_1_530' title='bbox 2102 3816 2245 3883; x_wconf 88' lang='lat' dir='ltr'><strong>Dei,</strong></span> <span class='ocrx_word' id='word_1_531' title='bbox 2281 3827 2432 3887; x_wconf 79' lang='lat' dir='ltr'><strong>quae</strong></span> <span class='ocrx_word' id='word_1_532' title='bbox 2459 3818 2654 3871; x_wconf 84' lang='lat' dir='ltr'><strong>oculis</strong></span> 
     </span>
     <span class='ocr_line' id='line_1_53' title="bbox 336 3883 2652 4006; baseline 0 -67"><span class='ocrx_word' id='word_1_533' title='bbox 336 3883 943 4006; x_wconf 67' lang='lat' dir='ltr'><strong>-carnisdalbscondita</strong></span> <span class='ocrx_word' id='word_1_534' title='bbox 983 3891 1104 3952; x_wconf 76' lang='lat' dir='ltr'><strong>est,</strong></span> <span class='ocrx_word' id='word_1_535' title='bbox 1154 3883 1412 3952; x_wconf 85' lang='lat' dir='ltr'><strong>timere,</strong></span> <span class='ocrx_word' id='word_1_536' title='bbox 1466 3893 1527 3937; x_wconf 89' lang='lat' dir='ltr'><strong>et</strong></span> <span class='ocrx_word' id='word_1_537' title='bbox 1553 3885 1935 3955; x_wconf 80' lang='lat' dir='ltr'><strong>acquiescere</strong></span> <span class='ocrx_word' id='word_1_538' title='bbox 1959 3885 2023 3938; x_wconf 86' lang='lat' dir='ltr'><strong>in</strong></span> <span class='ocrx_word' id='word_1_539' title='bbox 2052 3886 2284 3940; x_wconf 87' lang='lat' dir='ltr'><strong>arcanis</strong></span> <span class='ocrx_word' id='word_1_540' title='bbox 2312 3884 2652 3958; x_wconf 81' lang='lat' dir='ltr'><strong>spiritualis</strong></span> 
     </span>
     <span class='ocr_line' id='line_1_54' title="bbox 355 3952 1205 4008; baseline -0.004 0"><span class='ocrx_word' id='word_1_541' title='bbox 355 3955 517 4008; x_wconf 77' lang='lat' dir='ltr'><strong>vitae</strong></span> <span class='ocrx_word' id='word_1_542' title='bbox 595 3971 628 4008; x_wconf 92' lang='lat' dir='ltr'><strong>e</strong></span> <span class='ocrx_word' id='word_1_543' title='bbox 651 3952 817 4007; x_wconf 85' lang='lat' dir='ltr'><strong>iciis.</strong></span> <span class='ocrx_word' id='word_1_544' title='bbox 1121 4000 1127 4003; x_wconf 22' lang='grc' dir='ltr'><strong>Α</strong></span> <span class='ocrx_word' id='word_1_545' title='bbox 1202 3954 1205 3957; x_wconf 71' lang='grc'>’</span> 
     </span>
    </p>

    <p class='ocr_par' dir='ltr' id='par_1_15' title="bbox 284 4020 2653 4287">
     <span class='ocr_line' id='line_1_55' title="bbox 497 4020 2650 4091; baseline 0 -15"><span class='ocrx_word' id='word_1_546' title='bbox 497 4025 586 4077; x_wconf 82' lang='lat'><strong>10.</strong></span> <span class='ocrx_word' id='word_1_547' title='bbox 659 4021 838 4089; x_wconf 80' lang='lat' dir='ltr'><strong>Quem</strong></span> <span class='ocrx_word' id='word_1_548' title='bbox 864 4022 1194 4075; x_wconf 78' lang='lat' dir='ltr'><strong>suscitavit.</strong></span> <span class='ocrx_word' id='word_1_549' title='bbox 1279 4020 1511 4075; x_wconf 71' lang='lat' dir='ltr'><strong>Christi</strong></span> <span class='ocrx_word' id='word_1_550' title='bbox 1538 4023 2038 4078; x_wconf 86' lang='lat' dir='ltr'><strong>resurrectionem</strong></span> <span class='ocrx_word' id='word_1_551' title='bbox 2066 4022 2167 4075; x_wconf 87' lang='lat' dir='ltr'><strong>hic</strong></span> <span class='ocrx_word' id='word_1_552' title='bbox 2197 4033 2650 4091; x_wconf 85' lang='lat' dir='ltr'><strong>commemorat,</strong></span> 
     </span>
     <span class='ocr_line' id='line_1_56' title="bbox 356 4088 2652 4163; baseline 0 -19"><span class='ocrx_word' id='word_1_553' title='bbox 356 4091 425 4145; x_wconf 91' lang='lat' dir='ltr'><strong>in</strong></span> <span class='ocrx_word' id='word_1_554' title='bbox 466 4106 581 4163; x_wconf 79' lang='lat' dir='ltr'><strong>qua</strong></span> <span class='ocrx_word' id='word_1_555' title='bbox 618 4097 860 4144; x_wconf 84' lang='lat' dir='ltr'><strong>nostrae</strong></span> <span class='ocrx_word' id='word_1_556' title='bbox 898 4090 1356 4157; x_wconf 71' lang='lat' dir='ltr'><strong>resurrectionis</strong></span> <span class='ocrx_word' id='word_1_557' title='bbox 1399 4107 1532 4159; x_wconf 85' lang='lat' dir='ltr'><strong>spes</strong></span> <span class='ocrx_word' id='word_1_558' title='bbox 1564 4088 1813 4145; x_wconf 78' lang='lat' dir='ltr'><strong>fundata</strong></span> <span class='ocrx_word' id='word_1_559' title='bbox 1854 4103 1977 4145; x_wconf 73' lang='lat' dir='ltr'><strong>estt</strong></span> <span class='ocrx_word' id='word_1_560' title='bbox 2028 4107 2168 4151; x_wconf 50' lang='lat' dir='ltr'><strong>nam,</strong></span> <span class='ocrx_word' id='word_1_561' title='bbox 2199 4091 2456 4160; x_wconf 81' lang='lat' dir='ltr'><strong>undique</strong></span> <span class='ocrx_word' id='word_1_562' title='bbox 2485 4108 2652 4144; x_wconf 86' lang='lat' dir='ltr'><strong>mors</strong></span> 
     </span>
     <span class='ocr_line' id='line_1_57' title="bbox 284 4157 2652 4229; baseline -0.001 -15"><span class='ocrx_word' id='word_1_563' title='bbox 284 4210 289 4221; x_wconf 80' lang='grc'><strong>,</strong></span> <span class='ocrx_word' id='word_1_564' title='bbox 355 4177 471 4214; x_wconf 88' lang='lat' dir='ltr'><strong>nos</strong></span> <span class='ocrx_word' id='word_1_565' title='bbox 509 4158 758 4213; x_wconf 82' lang='lat' dir='ltr'><strong>obsidet.</strong></span> <span class='ocrx_word' id='word_1_566' title='bbox 829 4161 1040 4229; x_wconf 82' lang='lat' dir='ltr'><strong>Itaque</strong></span> <span class='ocrx_word' id='word_1_567' title='bbox 1079 4158 1297 4212; x_wconf 86' lang='lat' dir='ltr'><strong>nisi&#39;in</strong></span> <span class='ocrx_word' id='word_1_568' title='bbox 1336 4158 1638 4212; x_wconf 83' lang='lat' dir='ltr'><strong>Christum</strong></span> <span class='ocrx_word' id='word_1_569' title='bbox 1678 4161 1980 4229; x_wconf 85' lang='lat' dir='ltr'><strong>respicere</strong></span> <span class='ocrx_word' id='word_1_570' title='bbox 2019 4160 2343 4224; x_wconf 78' lang='lat' dir='ltr'><strong>discamus,</strong></span> <span class='ocrx_word' id='word_1_571' title='bbox 2391 4157 2652 4229; x_wconf 76' lang='lat' dir='ltr'><strong>singulis</strong></span> 
     </span>
     <span class='ocr_line' id='line_1_58' title="bbox 357 4226 2653 4287; baseline 0 -6"><span class='ocrx_word' id='word_1_572' title='bbox 357 4226 682 4283; x_wconf 85' lang='lat' dir='ltr'><strong>momentis</strong></span> <span class='ocrx_word' id='word_1_573' title='bbox 709 4226 1032 4281; x_wconf 86' lang='lat' dir='ltr'><strong>concident</strong></span> <span class='ocrx_word' id='word_1_574' title='bbox 1054 4226 1230 4280; x_wconf 89' lang='lat' dir='ltr'><strong>nobis</strong></span> <span class='ocrx_word' id='word_1_575' title='bbox 1256 4227 1478 4280; x_wconf 71' lang='lat' dir='ltr'><strong>animi.</strong></span> <span class='ocrx_word' id='word_1_576' title='bbox 1537 4227 1758 4282; x_wconf 82' lang='lat' dir='ltr'><strong>Eadem</strong></span> <span class='ocrx_word' id='word_1_577' title='bbox 1780 4229 2017 4282; x_wconf 88' lang='lat' dir='ltr'><strong>ratione</strong></span> <span class='ocrx_word' id='word_1_578' title='bbox 2041 4230 2325 4287; x_wconf 81' lang='lat' dir='ltr'><strong>admonet</strong></span> <span class='ocrx_word' id='word_1_579' title='bbox 2340 4228 2653 4281; x_wconf 82' lang='lat' dir='ltr'><strong>Christum</strong></span> 
     </span>
    </p>
   </div>
   <div class='ocr_carea' id='block_1_13' title="bbox 174 4284 2652 4376">
    <p class='ocr_par' dir='ltr' id='par_1_16' title="bbox 174 4284 2652 4376">
     <span class='ocr_line' id='line_1_59' title="bbox 174 4284 2652 4376; baseline 0 -27"><span class='ocrx_word' id='word_1_580' title='bbox 174 4284 177 4285; x_wconf 33' lang='lat'><em>⁷</em></span> <span class='ocrx_word' id='word_1_581' title='bbox 234 4330 235 4333; x_wconf 61' lang='lat'><em>=</em></span> <span class='ocrx_word' id='word_1_582' title='bbox 276 4344 281 4349; x_wconf 91' lang='lat'><strong>.</strong></span> <span class='ocrx_word' id='word_1_583' title='bbox 324 4300 394 4353; x_wconf 69' lang='lat' dir='ltr'><strong>&#39;fe</strong></span> <span class='ocrx_word' id='word_1_584' title='bbox 425 4299 595 4351; x_wconf 86' lang='lat' dir='ltr'><strong>coelo</strong></span> <span class='ocrx_word' id='word_1_585' title='bbox 637 4312 765 4348; x_wconf 90' lang='lat' dir='ltr'><strong>esso</strong></span> <span class='ocrx_word' id='word_1_586' title='bbox 804 4294 1292 4367; x_wconf 78' lang='lat' dir='ltr'><strong>exspectandum:</strong></span> <span class='ocrx_word' id='word_1_587' title='bbox 1349 4296 1490 4365; x_wconf 77' lang='lat' dir='ltr'><strong>quia</strong></span> <span class='ocrx_word' id='word_1_588' title='bbox 1517 4297 1672 4349; x_wconf 87' lang='lat' dir='ltr'><strong>nihil</strong></span> <span class='ocrx_word' id='word_1_589' title='bbox 1695 4300 1762 4350; x_wconf 89' lang='lat' dir='ltr'><strong>in</strong></span> <span class='ocrx_word' id='word_1_590' title='bbox 1788 4296 2452 4376; x_wconf 51' lang='lat' dir='ltr'><strong>mundo·reperiemus,·</strong></span> <span class='ocrx_word' id='word_1_591' title='bbox 2486 4296 2652 4373; x_wconf 73' lang='lat' dir='ltr'><strong>quod</strong></span> 
     </span>
    </p>
   </div>
   <div class='ocr_carea' id='block_1_14' title="bbox 261 4363 2651 4443">
    <p class='ocr_par' dir='ltr' id='par_1_17' title="bbox 261 4363 2651 4443">
     <span class='ocr_line' id='line_1_60' title="bbox 261 4363 2651 4443; baseline -0.001 -19"><span class='ocrx_word' id='word_1_592' title='bbox 261 4377 263 4379; x_wconf 80' lang='grc'><strong>’</strong></span> <span class='ocrx_word' id='word_1_593' title='bbox 356 4381 465 4424; x_wconf 84' lang='lat' dir='ltr'><strong>nos</strong></span> <span class='ocrx_word' id='word_1_594' title='bbox 497 4365 822 4424; x_wconf 77' lang='lat' dir='ltr'><strong>sustineat:</strong></span> <span class='ocrx_word' id='word_1_595' title='bbox 861 4374 1000 4422; x_wconf 84' lang='lat' dir='ltr'><strong>sunt</strong></span> <span class='ocrx_word' id='word_1_596' title='bbox 1030 4375 1233 4422; x_wconf 82' lang='lat' dir='ltr'><strong>autom</strong></span> <span class='ocrx_word' id='word_1_597' title='bbox 1256 4363 1532 4423; x_wconf 78' lang='lat' dir='ltr'><strong>infinitae</strong></span> <span class='ocrx_word' id='word_1_598' title='bbox 1557 4366 1934 4439; x_wconf 74' lang='lat' dir='ltr'><strong>tentationes,</strong></span> <span class='ocrx_word' id='word_1_599' title='bbox 1972 4377 2124 4439; x_wconf 77' lang='lat' dir='ltr'><strong>quae</strong></span> <span class='ocrx_word' id='word_1_600' title='bbox 2148 4382 2260 4422; x_wconf 87' lang='lat' dir='ltr'><strong>nos</strong></span> <span class='ocrx_word' id='word_1_601' title='bbox 2287 4376 2651 4443; x_wconf 70' lang='lat' dir='ltr'><strong>examinent.</strong></span> 
     </span>
    </p>
   </div>
  </div>
 </body>
</html>
