2820 4895
345 242 471 305 306
802 271 815 296 s
903 235 1014 302 m
1076 175 1694 306 ems‘ronaa
1755 237 2087 307 ΡΑυω
2161 218 2198 300 .’

356 407 562 473 Pater,
619 404 721 476 qui
756 423 857 460 vos
891 405 1038 460 mihi
1066 404 1263 475 dedit,
1308 408 1501 476 maior
1530 408 1796 462 omnihus
1822 416 1911 461 est
1939 407 2162 477 (Iohan.
2188 410 2276 475 10,
2304 406 2441 475 22).
2516 409 2655 480 Quo

290 481 299 518 1
355 478 650 547 significat
676 494 781 529 nos
814 494 936 529 esse
965 485 1128 530 extra
1155 480 1513 549 periculum,
1563 495 1741 554 quum
1770 479 2084 547 Dominus,
2133 479 2233 547 qui
2271 494 2377 530 nos
2401 478 2465 529 in
2494 488 2668 542 tute-

332 548 478 619 ,lam
503 561 667 600 suam
691 548 916 614 recepit
932 585 949 610 ,
988 547 1063 599 ad
1087 549 1475 602 resistendum
1502 548 1731 601 abunde
1757 550 1834 601 sit
1858 558 2082 618 potens.
2156 550 2287 600 Non
2318 547 2496 601 audet
2521 549 2657 619 qui-

361 618 497 669 dem
525 617 703 670 Satan
734 627 895 672 reeta
928 615 1083 668 hanc
1123 618 1534 687 cogitationem
1575 613 1872 689 ingerere,
1921 620 2114 671 Deum
2150 635 2264 669 non
2305 635 2510 686 posse,
2562 618 2658 671 vel

361 687 657 758 impediri,
698 686 1003 759 quominus
1031 687 1299 757 impleat,
1366 688 1482 743 uod
1507 689 1777 757 promisit
1804 690 2108 759 (quoniam
2133 704 2167 739 a
2193 697 2356 740 tanta
2379 690 2443 739 in
2463 690 2676 744 Deum.

361 755 719 825 blasphemia
772 772 972 808 sensus
1021 766 1220 810 noster
1264 760 1336 811 ab
1382 761 1596 828 orret),
1660 759 1761 812 sed
1800 760 1999 810 oculos
2042 767 2377 829 mentesque
2419 769 2660 812 nostras

363 827 843 910 praeoccupando
887 843 1119 879 sensum
1162 845 1395 884 omnem
1438 829 1678 884 divinae
1709 831 2006 898 potentiae
2041 829 2266 882 adimit.
2336 830 2660 897 Purgatum

361 898 541 967 igitur
577 913 834 951 animum
869 914 992 949 esse
1023 903 1285 966 oportet,
1335 899 1435 970 qui
1468 916 1587 951 non
1611 900 1781 952 modo
1810 916 1940 951 eam
1968 907 2194 980 gustat,
2241 898 2356 949 sed*
2381 901 2507 950 eius
2548 915 2661 967 gu-

362 978 516 1021 stum
537 967 692 1020 inter
717 967 943 1040 quasvis
972 970 1328 1021 tentationes
1354 963 1588 1022 retinet.
1661 969 1968 1021 Caeterum
1998 970 2069 1020 de
2095 968 2355 1036 potentia
2369 969 2482 1023 Dei
2507 986 2662 1037 quo·

362 1038 475 1089 ties
498 1037 758 1106 loquitur
782 1036 991 1089 Paulus
1009 1073 1026 1105 ,
1065 1038 1355 1091 actualem
1382 1043 1470 1107 (ut
1496 1040 1581 1090 sic
1611 1038 1825 1095 dicam)
1855 1038 2154 1108 intellige,
2193 1039 2294 1088 vel,
2313 1037 2547 1107 ἑηργου
2592 1043 2658 1092 έ-

312 1122 329 1140 ²
364 1123 498 1175 νην,
544 1106 1041 1176 quemadmodum
1063 1107 1184 1176 ipse
1212 1107 1354 1160 alibi
1391 1108 1636 1174 (Coloss.
1675 1112 1724 1176 1,
1759 1109 1871 1175 19.)
1901 1108 2087 1160 vocat.
2158 1108 2325 1159 Fides
2355 1110 2513 1158 enim
2597 1109 2663 1159 ei

364 1178 637 1229 virtutem
678 1193 813 1229 cum
843 1177 1031 1229 Verbo
1068 1195 1298 1248 semper
1334 1179 1670 1247 coniungit,
1719 1178 1873 1248 quod
1899 1194 2016 1230 non
2048 1177 2250 1247 procul
2278 1177 2657 1245 imaginatur,

296 1253 303 1266 ¹
367 1246 469 1299 sed
506 1247 665 1299 intus
701 1256 1049 1315 conceptum
1088 1248 1267 1301 habet
1309 1265 1380 1302 ac
1428 1248 1700 1317 possidet.
1766 1250 1855 1300 Ita
1893 1251 2063 1302 Rom.
2103 1245 2315 1313 4,”20.,
2364 1247 2435 1299 de
2467 1248 2688 1300 Abra—⁸

369 1316 540 1369 hamt
595 1317 726 1368 Non
752 1316 1094 1386 haesitavit,
1135 1335 1245 1370 nec
1268 1318 1653 1387 disceptavit,
1691 1318 1793 1369 sed
1820 1317 1977 1369 dedit
2010 1317 2252 1386 gloriam
2280 1314 2442 1384 Deo,
2488 1330 2663 1369 certo

314 1417 321 1426 =
374 1393 712 1455 persuasus,
769 1387 927 1456 quod
967 1389 1064 1456 qui
1109 1389 1492 1458 promiserat,
1543 1396 1748 1458 potens
1782 1402 1933 1441 esset
1974 1387 2153 1440 etiam
2197 1387 2459 1456 implere.
2531 1388 2662 1441 Ob·

374 1474 538 1509 serva
577 1458 747 1509 etiam
775 1472 990 1509 nomen
1022 1459 1292 1524 Depositi
1327 1474 1433 1525 pro
1471 1459 1588 1510 vita
1620 1465 1881 1512 aeterna.
1949 1475 2090 1510 nam
2125 1457 2259 1509 inde
2298 1457 2662 1525 colligimus,

369 1544 486 1579 non
520 1525 692 1578 aliter
718 1526 780 1577 iu
812 1525 989 1579 manti
1015 1527 1126 1577 Dei
1153 1528 1395 1580 salutem
1421 1540 1680 1581 nostram
1708 1531 1865 1594 esse,
1914 1537 2145 1581 acsunt
2170 1528 2231 1580 in
2263 1543 2440 1578 manu
2470 1529 2664 1597 depo-

366 1596 553 1649 sitarii
571 1634 587 1663 ,
633 1612 782 1664 quae
809 1597 984 1664 ipsius
1013 1595 1152 1648 fidei
1182 1597 1560 1662 custodienda
1586 1593 1888 1653 tradimus.
1962 1600 2020 1653 Si
2047 1615 2222 1667 penes
2250 1614 2355 1648 nos
2381 1606 2532 1649 esset
2560 1616 2659 1650 sa·

336 1723 339 1728 ,
365 1668 712 1732 lus‘nostra‚
754 1677 896 1738 quot
924 1666 1150 1719 assidue
1178 1667 1453 1736 periculis
1488 1667 1743 1737 exposita
1774 1668 1969 1720 foret?
2015 1685 2173 1721 nunc
2201 1683 2335 1739 vero
2366 1668 2515 1719 bene
2545 1679 2661 1730 est,

369 1738 528 1809 quod
555 1737 707 1805 apud
733 1736 912 1789 talem
942 1736 1236 1791 custodem
1267 1740 1524 1808 reposita
1558 1739 1718 1790 omni
1745 1738 2083 1792 discrimine
2109 1747 2195 1791 est
2227 1738 2511 1806 superior.

548 1878 645 1939 13.
693 1872 1003 1939 Formam
1033 1872 1207 1941 habe
1240 1894 1554 1941 sanorum
1601 1895 2025 1950 sermonum,
2083 1895 2252 1959 quos
2292 1895 2330 1937 a
2372 1896 2479 1939 me
2521 1894 2661 1938 au—
2763 1905 2766 1908 ·

338 1985 341 1988 “
376 1959 536 2022 disti
563 1964 634 2043 in
656 1958 792 2042 fide
819 1972 886 2024 et
911 1963 1222 2038 caritate,
1278 1981 1447 2044 quae
1471 1972 1579 2025 est
1608 1964 1679 2025 in
1712 1960 1991 2025 Christo
2020 1959 2190 2024 lesu.
2283 1965 2379 2023 14.
2427 1960 2661 2045 Egre-

367 2047 552 2128 gium
597 2043 979 2129 depos-itum
1019 2045 1283 2110 custodi
1322 2066 1447 2131 per
1475 2041 1801 2135 spiritum
1834 2054 2177 2120 sanctum,
2232 2048 2345 2125 qui
2377 2045 2657 2107 inhabi-

336 2167 339 2170 =
370 2138 471 2191 tat
496 2130 570 2191 in
599 2130 818 2191 nobis,
887 2129 980 2194 15.
1015 2128 1213 2194 Nosti
1242 2128 1406 2207 hoc,
1448 2131 1627 2215 quod
1654 2133 1939 2196 aversati
1970 2150 2074 2191 me
2107 2128 2363 2209 fuerint
2388 2149 2659 2205 omneS‚

296 2239 301 2246 2
373 2216 490 2294 qui
538 2222 698 2276 sunt
740 2215 809 2274 ln
855 2211 1046 2289 Asia,
1116 2233 1406 2304 quorum
1448 2226 1608 2279 sunt
1648 2212 2011 2303 Phygellus
2056 2225 2123 2276 et
2164 2213 2656 2300 Hermogenes.

377 2298 476 2359 16.
521 2296 654 2360 Det
693 2298 1219 2361 misericordiam
1263 2299 1593 2388 pominus
1632 2296 2048 2384 onesiphori
2089 2296 2413 2361 familiae:
2468 2313 2659 2379 quo·-

372 2382 552 2445 niam
602 2399 799 2466 saepe
841 2401 949 2444 me
978 2380 1415 2462 refiocillavit,
1472 2395 1539 2449 et
1579 2386 1661 2447 de
1706 2395 1937 2449 catena
1980 2402 2125 2446 mea
2171 2401 2304 2445 non
2348 2383 2656 2444 erubuit:

380 2468 477 2531 17.
525 2464 660 2529 Sed
690 2468 894 2549 quum
926 2475 1101 2531 esset
1127 2467 1419 2545 Ro'mae,
1469 2470 1835 2534 studiosius
1866 2470 2190 2552 quaesivit
2228 2488 2373 2544 me,
2432 2477 2499 2530 et
2533 2470 2651 2528 in-

375 2553 576 2619 venit.
669 2553 768 2613 18.
810 2549 946 2614 Det
983 2553 1045 2615 ei
1071 2552 1400 2615 Dominus
1419 2598 1439 2628 ,
1488 2565 1560 2618 ut
1586 2557 1880 2618 inveniat
1907 2548 2437 2619 misericordiam
2466 2551 2682 2636 apud,

375 2636 742 2699 Dominum
784 2637 854 2697 in
897 2634 1005 2697 die
1043 2633 1185 2699 illo.
1245 2647 1313 2701 et
1345 2657 1541 2721 quam
1578 2636 1785 2702 multa
1821 2637 1987 2701 mihi
2013 2635 2264 2724 Ephesi
2294 2638 2654 2699 ministra-

344 2800 347 2807 K
378 2723 590 2797 verit,
633 2715 873 2784 melius
905 2730 979 2785 tu
1009 2723 1209 2788 nosti.
1579 2752 1612 2761 *-
1981 2756 1984 2759 1

516 2851 600 2906 13.
670 2854 944 2910 Formam
976 2857 1133 2911 habe.
1206 2859 1376 2930 Quod
1415 2860 1516 2912 alii
1554 2850 1879 2929 exponunt,
1915 2856 2196 2916 Doctrina
2228 2865 2328 2912 tua
2366 2853 2442 2904 sit
2469 2850 2648 2927 veluti
2721 2910 2728 2917 .

376 2923 672 2993 exempl-ar
690 2963 708 2993 ,
760 2925 834 2976 ad
863 2927 1015 2994 qnod
1044 2928 1143 2980 alii
1172 2946 1232 2981 se
1260 2929 1519 2989 forment
1537 2968 1572 2996 „
1602 2947 1720 2984 non
1749 2929 1984 2996 recipio.
2056 2927 2257 2980 Nihilo
2296 2925 2472 2981 etiam
2507 2938 2649 2990 pro-

376 2995 510 3062 pius
550 2995 779 3053 accedit
816 2996 897 3047 ad
930 2998 1095 3049 Pauli
1132 3009 1387 3063 mentem
1430 3002 1711 3069 expositio
1754 2997 2177 3068 Chrysostomi,
2227 3004 2291 3046 ut
2331 2993 2548 3045 habeat
2584 2992 2652 3051 in

376 3075 648 3146 promptu
676 3063 1012 3129 Timotheus
1038 3068 1656 3140 virtutum‘imaginem
1684 3070 1841 3122 cordi
1857 3064 1969 3120 '‘suo
1995 3067 2342 3132 insculptam
2385 3080 2455 3115 ex
2478 3061 2651 3114 Pauli

288 3154 291 3157 ¹
376 3134 666 3188 doctrina.
736 3136 888 3187 Mihi
920 3137 1107 3205 potius
1137 3140 1364 3191 videtur
1391 3141 1727 3209 praecipere
1759 3137 2057 3208 Apostolus
2086 3135 2393 3188 Timotheo
2412 3171 2427 3198 ,
2466 3141 2530 3184 ut
2559 3140 2650 3183 te-

378 3220 494 3256 nax
519 3205 594 3256 sit
621 3205 950 3271 doctrinae,
991 3224 1162 3275 quam
1186 3209 1390 3263 didicit
1408 3248 1424 3276 ,
1462 3228 1583 3262 non
1611 3209 1781 3262 modo
1813 3209 1966 3278 quod
1997 3208 2069 3258 ad
2092 3205 2504 3269 substantiam,
2544 3201 2648 3253 sed

378 3272 557 3325 etiam
585 3275 738 3342 quod
770 3276 841 3327 ad
871 3274 1116 3344 figuram
1143 3279 1330 3346 ipsam
1359 3282 1654 3337 orationis.
1724 3279 1873 3331 Nam
1905 3273 2289 3342 ὑποτύπωσις,
2333 3272 2487 3343 quod
2512 3288 2650 3322 ver-

210 3328 228 3338 ‘
270 3374 281 3389 κ.
376 3342 644 3408 bumjiic
683 3355 958 3418 usurpat,
1009 3357 1095 3399 est
1131 3351 1257 3399 viva
1292 3366 1489 3401 rerum
1528 3351 1842 3418 expressio,
1896 3365 1965 3399 ac
2004 3347 2276 3398 sivoculis
2315 3350 2651 3412 praesentes

374 3413 817 3476 subiicerentur.
892 3415 1124 3468 Sciebat
1151 3419 1392 3487 Paulus,
1435 3438 1608 3489 quam
1632 3416 1901 3488 proclivis
1926 3418 2001 3468 sit
2027 3434 2060 3468 a
2092 3432 2237 3486 pura
2268 3413 2528 3473 doctrina
2557 3412 2649 3462 vel

372 3484 568 3552 lapsus
585 3510 616 3549 ,›
641 3483 731 3535 vel
761 3478 1027 3540 deflexio.
1096 3487 1264 3541 Hanc
1293 3490 1365 3544 ob
1397 3487 1634 3542 causam
1662 3489 2133 3552 sollicitecavet,
2170 3503 2244 3536 ne
2270 3483 2517 3536 declinet
2545 3481 2649 3532 Ti-

372 3553 642 3606 motheus
668 3553 741 3605 ab
771 3570 838 3606 ea
866 3553 1109 3606 docendi
1137 3559 1325 3611 forma
1344 3599 1358 3625 ‚
1395 3577 1571 3630 quam
1601 3567 1937 3629 acceperat3
1975 3573 2254 3624 suamque
2281 3551 2527 3605 docendi
2545 3567 2648 3602 ra-

376 3623 601 3675 tionem
632 3623 897 3693 quasi-ad
927 3625 1068 3678 illud
1097 3632 1517 3696 praescriptum
1546 3631 1734 3699 exigat
1753 3647 1770 3682 ε
1815 3645 1940 3680 non
1968 3626 2123 3710 quod
2155 3629 2215 3676 in
2257 3623 2447 3676 verbis
2482 3631 2649 3674 tanta

373 3692 452 3744 sit
475 3693 708 3762 religio,
744 3692 847 3746 sed
885 3697 1018 3764 quia
1046 3712 1219 3767 supra
1247 3700 1681 3767 modumpoxia
1708 3708 1796 3751 est
1821 3699 2121 3750 doctrinae
2151 3696 2239 3747 vel
2266 3695 2510 3746 minima
2537 3690 2650 3742 de-

377 3761 669 3819 formatio,
737 3764 893 3816 Hinc
930 3779 1174 3835 apparet
1213 3770 1400 3837 qualis
1442 3771 1516 3823 sit
1552 3772 1617 3823 in
1643 3773 1864 3837 Papatu
1894 3767 2224 3835 theologia,
2273 3780 2423 3834 quae
2462 3776 2649 3830 usque

362 3848 450 3884 ‘eo
481 3833 853 3902 degeneravit
878 3836 952 3888 ab
980 3837 1094 3889 isto
1122 3840 1438 3908 exemplari
1460 3864 1498 3906 ,ν
1523 3840 1679 3909 quod
1702 3839 1913 3892 Paulus
1940 3835 2340 3900 commendat,
2394 3840 2459 3885 ut
2482 3831 2650 3883 simi·—

364 3901 485 3953 'lior
510 3903 589 3954 sit
611 3920 895 3972 augurum
923 3905 1014 3958 vel
1043 3911 1372 3976 aruspicum
1402 3909 1861 3980 aenigmatibus,
1908 3923 2084 3977 quam
2114 3906 2407 3965 doetrinae
2437 3919 2507 3953 ex
2533 3899 2650 3954 Dei

371 3972 548 4023 verbo
591 3974 899 4041 sumptam*
957 3977 1109 4048 Quid
1161 3980 1314 4031 enim
1334 4017 1351 4046 ‚
1413 3980 1652 4032 obsecro
1671 4018 1687 4046 ,
1751 3978 2059 4032 Paulinum
2108 3975 2414 4044 resipiunt¹
2445 3986 2649 4023 omnes

346 4041 851 4096 ‘scholasticorum
883 4043 1060 4097 libri?
1127 4049 1289 4102 Haec
1318 4049 1734 4102 adulterandae
1772 4047 2071 4101 doctrinae
2107 4045 2342 4097 licentia
2375 4040 2649 4109 ostendit,

373 4128 549 4181 quam
577 4131 691 4166 non
725 4113 825 4185 εὼς
848 4130 915 4165 re
941 4116 1152 4169 Paulus
1180 4119 1251 4171 ad
1271 4148 1277 4161 «η
1291 4120 1553 4173 nativam
1588 4112 1844 4173 formam
1879 4116 2242 4170 retinendam
2271 4111 2647 4164 Timotheum

367 4181 593 4237 invitet.
673 4184 751 4236 Et
791 4202 968 4235 sanos
1008 4204 1297 4240 sermones
1336 4192 1579 4257 opponit
1620 4208 1738 4243 non
1776 4198 2003 4242 tantum
2044 4184 2408 4254 dogmatibus
2448 4181 2647 4250 palam

366 4250 597 4320 impiis,
624 4254 735 4309 sed
760 4253 987 4320 frigidis
1015 4258 1449 4324 quaestionibus
1467 4299 1483 4327 ,
1522 4276 1667 4330 quae
1696 4275 1800 4328 pro
1830 4261 2080 4312 sanitate
2106 4252 2436 4317 nihilaliud
2466 4266 2645 4319 quam
2725 4310 2742 4321 ,

362 4320 705 4391 languorem
731 4323 1002 4374 afferunt.
1121 4327 1191 4377 In
1212 4329 1341 4394 fide
1374 4344 1428 4381 et
1458 4333 1721 4383 caritate.
1791 4329 1947 4396 Scio,
1963 4325 2326 4397 particulam
2357 4323 2420 4376 ἐν
2445 4335 2647 4389 saepe-

363 4406 605 4454 numero
634 4409 702 4444 ex
728 4391 922 4462 phrasi
947 4392 1535 4463 linguae'Hehraicae
1562 4400 1708 4454 sumi
1734 4415 1839 4468 pro
1872 4403 2048 4452 Cum:
2101 4396 2204 4467 sed
2226 4393 2323 4446 hic
2354 4391 2468 4444 alia
2497 4387 2643 4442 mihi
