2820 4895
404 221 533 305 ⁸66

1506 567 1531 619 1
1549 567 1600 620 N
2788 576 2789 601 ¹

407 684 1088 769 EPISTOLAM
1162 685 1528 769 PAULI
1606 685 1767 766 AD
1860 650 2701 791 PHILEMONEM.

800 838 809 849 ”
1062 847 1096 909 1
1139 845 1206 911 Ο
1255 845 1336 909 Η.
1433 844 1488 913 C
1534 844 1596 910 A
1636 842 1697 909 L
1741 843 1808 904 V
1853 843 1884 906 1
1929 843 1995 907 N
2042 843 2074 907 1
2274 860 2301 882 ⁸

756 919 2322 1105 .COMMENTARIUs

381 1120 396 1161 l

416 1271 474 1331 1.
533 1212 839 1323 paunus
884 1262 1152 1325 vinctus
1192 1253 1452 1321 Christi
1489 1257 1642 1324 Iesu
1684 1272 1750 1325 et
1779 1256 2183 1323 Timotheus
2224 1255 2448 1321 frater
2481 1253 2710 1321 Phile-

407 1350 599 1414 moni
627 1348 846 1409 amico
876 1356 943 1408 et
969 1345 1372 1429 cooperario
1402 1354 1678 1420 nostro,
1762 1348 1822 1408 2.
1868 1343 1956 1408 Et
1982 1341 2293 1430 Apphiae
2324 1340 2616 1420 dilecto,
2656 1354 2712 1406 et

407 1430 766 1517 Archippo
798 1427 1246 1494 commilitoni
1275 1440 1550 1504 nostr0,
1603 1442 1671 1493 et
1699 1428 2080 1506 Ecclesiae,
2136 1448 2309 1511 quae
2338 1427 2543 1493 domi
2569 1441 2712 1492 tuae

410 1532 549 1595 est,
650 1522 710 1579 3.
772 1513 1007 1579 Gratia
1047 1514 1239 1578 vobis
1288 1522 1357 1576 et
1397 1532 1538 1600 pax
1579 1532 1618 1575 a
1651 1512 1798 1577 Deo
1828 1512 2024 1577 Patre
2054 1525 2295 1578 nostro
2325 1524 2398 1577 et
2435 1512 2712 1575 domino

409 1606 564 1670 lesu
595 1598 893 1666 Christo.
993 1600 1059 1662 4.
1118 1593 1391 1662 Gratias
1429 1617 1555 1683 ago
1579 1596 1956 1675 Deo,meo‚
2014 1594 2285 1684 semper
2314 1600 2713 1661 memoriam

408 1692 514 1753 tui
551 1686 806 1750 faciens
843 1688 910 1746 in
951 1685 1268 1769 precibus
1310 1684 1516 1761 meiS‚
1620 1684 1680 1746 5.
1724 1682 2026 1747 Audiens
2058 1694 2242 1747 tuam
2272 1681 2716 1747 dilectionem

412 1785 482 1839 et
519 1769 757 1846 fidem,
810 1787 1007 1852 quam
1049 1764 1259 1843 habes
1304 1786 1458 1851 erga
1490 1766 1863 1835 Dominum
1897 1768 2119 1831 lesum
2161 1780 2229 1831 et
2273 1770 2438 1850 erga
2481 1766 2715 1831 omnes

376 1867 723 1931 ,sanctos,
835 1857 893 1915 6.
964 1850 1063 1919 Ut
1108 1855 1631 1915 communicatio
1660 1851 1833 1937 ⁸fidei
1879 1866 2032 1916 tuae
2076 1849 2318 1937 efficax
2359 1855 2456 1914 sit
2499 1854 2713 1915 omnis

413 1944 616 2018 boni,
670 1937 851 2022 quod
892 1939 963 2000 in
1004 1938 1195 2002 vobis
1244 1949 1346 2000 est
1384 1956 1540 2022 erga
1573 1934 1920 2001 Christum
1952 1939 2196 2002 Iesum.
2293 1939 2351 1998 7.
2402 1936 2710 2003 Gratiam

397 2030 599 2091 enim
629 2025 948 2086 babemus
978 2019 1260 2084 multam
1291 2033 1356 2084 et
1385 2020 1920 2098 consolationem
1950 2043 2158 2107 super
2183 2020 2570 2086 dilectione
2596 2034 2711 2095 tua,

417 2115 576 2196 q'uia
602 2113 858 2175 viscera
889 2119 1278 2170 sanctorum
1308 2126 1430 2191 per
1462 2120 1531 2183 te
1559 2106 1935 2172 refocillata
1965 2119 2160 2184 sunt,
2199 2104 2436 2169 frater.

559 2248 795 2315 Quanta
825 2243 1011 2296 fuerit
1037 2243 1282 2310 spiritus
1311 2243 1546 2296 Paulini
1577 2244 1892 2309 celsitudo,
1931 2243 2046 2296 etsi
2077 2261 2148 2295 ex
2174 2242 2571 2310 gravioribus
2601 2244 2714 2294 eius

345 2316 360 2329 ⁸
417 2315 657 2384 scriptis
698 2312 956 2382 perspici
1002 2313 1214 2365 melius
1255 2320 1487 2380 potest,
1534 2313 1678 2366 baec
1707 2330 1943 2383 quoque
1974 2313 2240 2380 Epistola
2267 2313 2446 2366 testis
2477 2322 2610 2377 est,
2660 2311 2714 2361 in

416 2402 534 2456 qua
553 2391 977 2454 argumentum
1002 2390 1267 2434 tractans
1296 2380 1529 2433 humile
1554 2382 1701 2433 alias
1733 2391 1794 2434 et
1817 2383 2135 2444 abiectum,
2172 2397 2280 2433 suo
2310 2390 2527 2433 tamen
2560 2396 2714 2432 more
2788 2396 2789 2407 ¹

418 2455 690 2507 sublimis
727 2454 797 2504 ad
837 2454 1029 2503 Deum
1070 2452 1362 2503 evehitur.
1446 2451 1787 2518 Fugitivum
1831 2469 2068 2503 servum
2111 2463 2170 2503 et
2203 2452 2416 2503 furem
2457 2451 2715 2503 Domino

415 2524 767 2586 remittens,
816 2537 923 2588 pro
955 2520 1061 2571 illo
1091 2511 1448 2586 deprecatur
1476 2519 1723 2571 veniam.
1813 2522 2027 2571 Verum
2055 2520 2208 2571 hanc
2236 2537 2483 2573 causam
2515 2536 2715 2589 agens,

417 2602 543 2644 tam
584 2591 855 2658 graviter
894 2591 964 2639 de
1008 2589 1304 2656 aequitate
1333 2588 1673 2639 Christiana
1717 2589 2139 2653 concionatur,
2193 2598 2258 2639 ut
2292 2589 2577 2641 videatur
2604 2604 2715 2641 ma·

422 2663 512 2729 gis
539 2670 728 2712 totam
757 2657 1087 2709 Ecclesiam
1115 2658 1444 2725 respicere,
1481 2665 1655 2724 quam
1683 2658 1964 2727 privatim
1993 2674 2209 2710 curare
2244 2658 2425 2716 unius
2454 2657 2715 2710 hominis

423 2728 767 2801 negotium:
816 2726 897 2777 ita
941 2725 1206 2777 modeste
1248 2734 1309 2776 et
1348 2727 1696 2793 suppliciter
1733 2742 1841 2794 pro
1884 2725 2092 2779 infimo
2126 2726 2373 2777 homine
2407 2743 2473 2778 se
2512 2727 2717 2778 demit-

417 2800 528 2862 tit,
575 2806 642 2848 ut
681 2797 783 2848 vix
827 2794 974 2848 alibi
1015 2811 1259 2863 usquam
1304 2796 1493 2861 magis
1537 2795 1609 2847 ad
1650 2794 1848 2853 vivum
1888 2795 1968 2847 sit
2007 2809 2280 2862 expressa
2315 2795 2564 2864 ingenii
2600 2795 2717 2848 eius

419 2869 834 2919 mansuetudo·
1041 2913 1046 2914 γ
1647 2868 1669 2876 '
1844 2917 1853 2918 e

563 2939 609 2987 1.
693 2936 929 2984 Vinctus
946 2935 1075 2983 Iesu
1100 2933 1337 2984 Christi.
1413 2932 1634 2986 Eodem
1664 2950 1857 2998 sensu,
1886 2950 2000 3001 quo
2024 2933 2163 2985 alibi
2179 2932 2538 3000 Apostolum
2552 2934 2721 2985 Chri-

423 3003 500 3056 sti
542 3003 639 3057 vel
675 3003 1056 3065 ministrum,
1083 3001 1204 3053 'hic
1243 3018 1305 3053 se
1348 3003 1609 3053 vinctum
1637 3002 1862 3052 Christi
1903 3002 2195 3070 appellat,
2246 3002 2384 3081 quia
2422 3002 2561 3054 eius
2599 3003 2721 3054 vin-

422 3074 590 3138 cula,
626 3072 835 3141 quibus
863 3080 1106 3138 propter
1137 3070 1533 3138 Evangelium
1561 3071 1967 3134 detinebatur,
2007 3070 2350 3139 legationis,
2387 3087 2578 3138 quam
2614 3088 2720 3138 pro

419 3141 656 3202 Christo
690 3140 927 3205 obibat,
964 3139 1220 3207 insignia
1252 3150 1425 3190 erant
1455 3140 1547 3191 vel
1574 3150 1851 3192 tesserae.
1922 3142 2132 3208 Itaque
2174 3150 2724 3206 ea·commemorat

372 3229 376 3244 ·
422 3208 861 3277 comparandae
896 3208 1002 3258 sibi
1040 3208 1418 3260 auctoritatis
1450 3225 1659 3273 causa„
1680 3225 1796 3258 non
1821 3209 1978 3276 quod
2010 3217 2417 3276 contemptum
2446 3207 2724 3272 timeret,
2784 3211 2785 3222 ¹

421 3280 596 3349 (quia
638 3279 886 3329 minime
928 3276 1172 3339 dubium
1214 3285 1331 3338 est,
1376 3277 1663 3329 maiorem
1698 3279 1881 3328 fuisse
1910 3276 2034 3328 eius
2061 3280 2463 3330 reverentiam
2496 3288 2566 3330 et
2592 3294 2724 3346 pre-

422 3350 575 3400 tium
602 3348 757 3415 apud
789 3344 1232 3410 Philemonem,
1284 3362 1461 3413 quam
1496 3354 1559 3397 ut
1589 3346 1711 3400 ullo
1740 3345 1937 3422 elogio
1971 3347 2161 3397 fuerit
2193 3349 2387 3414 opus,)
2428 3347 2540 3398 sed
2581 3347 2726 3415 quia

424 3433 661 3469 causam
698 3424 938 3467 acturus
971 3425 1097 3465 erat
1131 3415 1282 3466 servi
1317 3414 1593 3480 fugitivi,
1646 3415 1708 3467 in
1739 3430 1854 3484 qua
1881 3414 2204 3480 plurimum
2233 3415 2472 3467 valebat
2505 3417 2724 3481 depre-

422 3489 606 3539 cati0.
744 3484 1095 3534 Philemoni.
1138 3484 1343 3536 ‘Hunc
1377 3483 1784 3535 Philemonem
1822 3483 2111 3535 credibile
2157 3494 2248 3535 est
2287 3483 2471 3535 fuisse
2519 3501 2595 3534 ex
2629 3500 2727 3532 or·
2782 3515 2783 3530 ¹

422 3555 562 3606 dine
588 3554 917 3604 Pastorum.
1003 3553 1211 3620 Neque
1250 3551 1408 3604 enim
1442 3551 1688 3603 titulum
1714 3551 1872 3603 hunc
1892 3589 1908 3616 ‚
1957 3570 2069 3621 quo
2106 3569 2240 3604 eum
2267 3562 2438 3604 ornat
2466 3552 2724 3620 Paulus,

425 3623 824 3688 cooperarium
880 3636 1133 3684 vocans,
1203 3620 1358 3672 solet
1413 3620 1684 3671 tribuere
1737 3620 1968 3672 homini
2020 3623 2274 3689 privato.
2358 3621 2727 3687 Archippum

426 3694 602 3743 etiam
643 3688 948 3757 adiungit,
999 3706 1175 3758 quem
1218 3690 1466 3742 eundem
1504 3690 1694 3743 fuisse
1720 3690 2019 3741 Ecclesiae
2054 3681 2391 3754 ministrum
2424 3700 2723 3755 apparet;
2780 3713 2781 3718 =

425 3758 476 3811 si
517 3768 715 3811 tamen
761 3758 814 3810 is
851 3767 979 3823 est,
1021 3758 1189 3811 cuius
1225 3758 1293 3809 fit
1329 3758 1553 3809 mentio
1597 3758 1841 3810 circiter
1870 3760 2049 3810 finem
2077 3758 2367 3826 epistolae
2395 3757 2469 3809 ad
2495 3757 2724 3808 'Colos-

425 3843 654 3892 senses,
693 3826 852 3896 quod
881 3843 912 3877 a
943 3827 1244 3895 probabili
1278 3826 1626 3880 coniectura
1655 3844 1777 3878 non
1806 3826 2122 3888 abhorret3
2159 3843 2316 3892 nam,
2354 3825 2514 3895 quod
2551 3826 2727 3877 hunc

427 3896 747 3948 secundum
790 3905 963 3947 vocat
1005 3897 1486 3961 commilitonem,
1535 3896 1600 3947 in
1626 3895 1934 3948 ministros
1963 3896 2025 3947 id
2052 3901 2289 3964 quoque
2317 3894 2725 3964 peculiariter

426 3964 733 4032 competit.
820 3964 1291 4017 Tametsi-enim
1334 3964 1660 4017 communis
1703 3972 1790 4032 est
1833 3966 2104 4016 omnibus
2148 3963 2515 4016 Christianis
2556 3961 2723 4015 mili·

423 4033 547 4095 tia;
599 4032 737 4099 quia
766 4039 966 4083 tamen
992 4033 1055 4085 in
1084 4051 1152 4086 ea
1185 4033 1348 4086 velut
1372 4032 1660 4101 signiferi
1691 4043 1827 4085 sunt
1854 4036 2162 4098 doctores,
2212 4031 2347 4084 ideo
2385 4049 2538 4099 prae
2580 4031 2722 4083 aliis

424 4101 498 4155 ad
522 4098 867 4153 bellandum
896 4100 1091 4168 parati
1118 4119 1241 4154 esse
1269 4103 1519 4167 debent,
1574 4111 1633 4153 et
1661 4102 1838 4168 Satan
1864 4119 2097 4171 quoque
2131 4098 2256 4152 illis
2285 4109 2352 4153 ut
2381 4100 2725 4170 plurimum
2778 4103 2779 4106 ’

424 4171 710 4240 infestior
735 4180 842 4219 est.
907 4171 987 4220 Ac
1016 4169 1149 4221 fieri
1179 4178 1402 4237 potest,
1446 4180 1514 4222 nt
1531 4170 1862 4236 Archippus
1893 4172 2264 4238 quorundam
2295 4168 2724 4232 certaminum,

423 4256 576 4309 quae
607 4235 894 4290 sustinuit
924 4237 1170 4301 Paulus,
1222 4239 1420 4298 socius
1448 4239 1632 4290 fuerit
1661 4257 1726 4289 ac
1754 4239 2084 4305 particeps,
2142 4250 2201 4290 et
2227 4248 2392 4289 certe
2422 4239 2538 4289 hac
2569 4256 2726 4289 voce

425 4310 617 4360 utitur
648 4307 894 4370 Paulus,
950 4307 1180 4375 quoties
1207 4309 1282 4357 de
1317 4309 1871 4376 persequutionibus
1899 4306 2221 4359 meminit.‘
2275 4306 2573 4358 Familiae
2614 4325 2723 4357 au·

424 4386 546 4429 tem
574 4374 935 4430 Philemonis
975 4379 1262 4430 summam
1306 4376 1525 4430 tribuit
1566 4376 1828 4442 laudem,
1862 4393 2060 4446 -quum
2095 4376 2470 4428 domesticam
2503 4375 2724 4426 Eccle-

2738 4493 2752 4518 t
