2820 4895
251 245 408 311 .m
468 182 1388 354 EPIST.‚PA'UXL1¹AD
1448 194 2220 341 PHHBEMONEM
2309 252 2434 315 367

132 420 278 470 siam
307 414 596 468 nominat.
673 413 888 483 Neque
930 410 1108 468 etiam
1150 413 1298 469 haec
1339 431 1527 483 parva
1565 414 1696 477 laus
1739 413 2230 484 patrisfamilias,
2269 420 2430 487 quod
2472 446 2531 493 -s

130 488 214 541 ita
237 485 532 537 familiam
555 499 731 547 ‚suam
754 480 1049 550 instituit,
1084 491 1154 536 ut
1178 484 1252 535 sit
1284 482 1590 555 Ecclesiae
1619 483 1855 554 imago,
1891 493 1953 537 et
1982 486 2249 538 Pastoris
2282 503 2428 559 quo-

168 573 237 608 ue
286 569 498 607 munus
552 551 717 603 intra
762 551 1032 618 privatos
1074 550 1333 619 parietes
1379 553 1576 605 obeat.
1670 554 1879 623 Neque
1922 553 2104 607 etiam
2139 555 2428 607 ’omitten-

130 574 292 689 3um,
346 620 503 692 quod
541 637 690 674 uxor
728 614 947 673 similis
989 621 1212 686 fuerit,
1257 620 1394 690 quia
1432 639 1555 700 non
1596 621 1699 675 abs
1733 626 1799 674 re
1839 638 1972 676 eam
2000 620 2217 677 Paulus
2240 640 2426 679 com-

130 693 382 745 mendat.
709 716 712 717 ⁷
1722 708 1733 719 ²
2043 738 2049 743 .

258 761 311 813 4.
387 758 629 810 Gratias
658 774 791 822 ago.
876 757 1253 822 Notandum,
1308 756 1504 827 quod,
1552 773 1662 825 pro
1694 775 1809 827 quo
1838 757 2067 830 gratias
2098 757 2255 832 agit,
2313 777 2424 828 pro

131 828 323 891 eodem
369 828 545 879 simul
590 835 887 899 precatur.
974 825 1492 894 Nunquam'enim
1527 835 1693 880 tanta
1721 837 1812 880 est
1844 828 1938 880 vel
1966 826 2427 897 perfectissimis

128 896 456 977 gratulandi
494 893 784 955 materia,
837 894 1122 964 quamdiu
1160 894 1225 948 in
1263 895 1378 947 hoc
1417 894 1636 949 mundo
1678 895 1917 963 vivunt,
1968 895 2118 967 quin
2152 897 2426 966 precibus

128 966 469 1037 indigeant,
513 973 582 1015 ut
612 964 711 1015 dot
738 961 864 1014 illis
889 965 1055 1016 Deus
1086 979 1205 1015 non
1232 971 1466 1017 tantum
1497 979 1879 1031 perseverare
1908 970 2098 1034 usqu'e
2130 966 2194 1017 in
2221 967 2427 1034 finem,

129 1035 225 1086 sed
253 1035 313 1086 in
340 1033 463 1085 dies
492 1032 673 1087 etiam
702 1031 1019 1099 proficere.
1104 1032 1269 1084 Haec
1295 1042 1495 1084 autem
1527 1033 1655 1084 laus
1674 1068 1691 1097 ,
1747 1049 1924 1102 quam
1954 1033 2290 1089 Philemoni
2317 1034 2427 1088 tri-

128 1104 287 1168 buit,
335 1101 600 1154 breviter
632 1090 1054 1168 complectitur
1081 1110 1271 1152 totam
1304 1100 1634 1152 Christiani
1668 1101 1931 1154 hominis
1963 1104 2422 1171 perfectionem·

130 1172 211 1224 Ea
249 1172 468 1223 duabus
507 1169 780 1238 partibus
818 1171 1193 1233 continetur,
1243 1168 1359 1221 fide
1394 1170 1453 1220 in
1497 1169 1835 1238 Christum,
1893 1182 1951 1223 et
1987 1172 2241 1225 caritate
2280 1187 2426 1240 erga

132 1240 447 1306 proximos·
516 1241 668 1291 Nam
707 1236 825 1292 huc
867 1254 1071 1290 omnes
1114 1239 1263 1290 vitae
1297 1246 1542 1289 nostrae
1573 1237 1840 1291 actiones
1870 1240 2191 1309 omniaque
2224 1240 2425 1299 officia

131 1308 472 1371 referuntur
490 1344 505 1374 ,
546 1317 604 1358 et
629 1305 778 1358 fides
801 1305 860 1356 in
894 1306 1229 1371 Christum,
1268 1306 1406 1374 quia
1435 1306 1496 1357 in
1529 1321 1663 1359 eum
1690 1309 1934 1381 proprie
1961 1307 2281 1376 intuetur„
2302 1310 2424 1362 sic-

130 1376 217 1429 uti
254 1394 444 1446 neque
488 1375 667 1430 aliter
711 1392 889 1445 quam
927 1393 1048 1444 per
1077 1390 1212 1428 eum
1256 1375 1448 1427 solum
1494 1377 1773 1443 cognosci
1811 1387 2005 1444 potest
2035 1379 2196 1431 Deus
2224 1380 2425 1445 Pater,

129 1462 311 1514 neque
352 1445 498 1497 alibi
537 1461 714 1513 quam
754 1444 814 1494 in
857 1461 927 1494 eo
968 1444 1296 1513 reperitur,
1348 1442 1636 1513 quicquid
1665 1445 1963 1499 bonorum
1992 1447 2229 1515 quaerit
2251 1447 2421 1500 fidet.

133 1513 451 1573 Caritatem
482 1526 623 1564 vero
657 1529 775 1563 non
804 1513 888 1564 ita
917 1514 990 1564 ad
1015 1524 1249 1566 sanctos
1279 1513 1632 1580 restringit,
1674 1514 1839 1583 quasi
1879 1518 2016 1584 erga
2058 1514 2212 1575 alios
2256 1515 2449 1568 nulla·

132 1598 249 1643 esse
276 1583 509 1636 debeat.
581 1582 736 1635 Nam
763 1586 943 1651 quum
967 1583 1119 1635 haec
1147 1583 1223 1635 sit
1250 1581 1521 1632 caritatis
1552 1583 1843 1649 doctrina,
1882 1599 2124 1636 carnem
2149 1595 2430 1643 nostram,

131 1666 241 1702 non
268 1650 622 1721 despicere,
656 1660 717 1702 et
737 1650 976 1721 honore
998 1648 1281 1720 prosequi
1313 1650 1432 1702 Dei
1465 1651 1811 1718 imaginem,
1849 1669 2006 1721 quae
2030 1661 2284 1706 naturae
2309 1670 2421 1705 πο-

130 1729 274 1772 strae
304 1719 608 1787 insculpta
645 1726 768 1772 est:
813 1721 979 1771 certe
1002 1730 1195 1772 totum
1224 1734 1409 1788 genus
1435 1719 1759 1772 humanum
1785 1721 2258 1788 comprehendit.
2308 1718 2422 1776 Sed

131 1788 405 1858 quoniam
434 1787 691 1841 arctiore
718 1788 1176 1843 necessitudinis
1207 1789 1448 1840 vinculo
1471 1790 1777 1855 nobiscum
1812 1790 2119 1841 coniuncti
2148 1800 2288 1843 sunt
2310 1791 2447 1842 tio-¹·

129 1858 355 1910 mestici
396 1856 577 1922 fidei,
632 1867 692 1909 et
732 1874 832 1909 eos
874 1858 1272 1925 peculiariter
1303 1859 1464 1909 Deus
1506 1850 1913 1922 co‘mmendat,
1960 1858 2097 1915 ideo
2132 1858 2267 1914 iure
2298 1859 2421 1928 pri·-

115 1942 246 1979 uiu
275 1927 569 1980 obtinent.
655 1928 985 1979 Contextus
1015 1926 1308 1979 orationis
1338 1924 1420 1979 ali
1466 1936 1716 1979 uantum
1742 1938 1833 1981 est
1861 1929 2178 1990 confusum
2230 1930 2421 1985 sedin

131 2012 297 2048 sensu
336 1994 499 2048 nihil
540 2005 627 2047 est
669 1995 1092 2060 obscuritatis,
1143 1994 1259 2045 nisi
1305 1943 1464 2063 quoii
1508 1996 1749 2048 dubium
1793 2007 1913 2065 est,
1971 2013 2043 2048 an
2073 1997 2422 2053 adverbium

132 2061 351 2133 Semper
387 2065 484 2117 vel
522 2080 655 2116 cum
698 2063 893 2136 priore
932 2065 1231 2127 membro,
1275 2063 1370 2115 vel
1402 2081 1534 2114 cum
1562 2065 1836 2132 sequenti
1870 2065 2207 2119 cohaereat.
2279 2068 2420 2119 Pot-

131 2132 414 2189 estenim
456 2132 559 2185 hic
605 2149 806 2184 sensus
840 2132 1015 2196 elici,
1061 2133 1291 2201 quoties
1317 2148 1425 2199 pro
1456 2131 1811 2185 Philemone„
1832 2150 2036 2202 preces
2058 2133 2430 2203 conciperet

133 2201 477 2270 Apostolus,
523 2202 859 2270 gratiarum
887 2203 1185 2254 actionem
1210 2202 1281 2252 ab
1314 2217 1386 2251 eo
1417 2200 1604 2252 fuisse
1635 2202 1955 2269 insertam,
2008 2202 2148 2271 quia
2180 2204 2421 2258 scilicet

132 2269 326 2336 gau‘dii
370 2271 689 2324 materiam
729 2272 1048 2338 praebebat
1092 2270 1218 2323 eius
1263 2270 1470 2338 pietas·
1564 2272 1882 2323 Preeamur
1911 2270 2069 2333 enim
2096 2288 2278 2341 saepe
2311 2290 2419 2341 pro

132 2337 500 2411 quibusdam,
534 2339 597 2390 in
625 2339 841 2407 quibus
867 2340 1020 2392 nihil
1048 2339 1351 2417 reperituzr
1376 2338 1492 2390 nisi
1518 2338 1724 2391 dolore
1753 2349 1813 2403 et
1838 2339 2124 2406 lacrymis
2155 2341 2420 2410 dignum.

133 2423 457 2478 quanquam
488 2408 678 2464 altera
709 2408 1016 2470 distinctio
1044 2407 1238 2477 magis
1265 2412 1504 2474 recepta
1534 2416 1654 2474 est,
1703 2408 1951 2461 Paulum
1979 2409 2207 2476 gratias
2237 2425 2421 2481 agere

132 2493 236 2542 pro
266 2478 615 2531 Philemone
638 2513 654 2542 ,
707 2486 768 2528 et
799 2495 1033 2545 semper
1067 2476 1198 2529 eius
1225 2479 1588 2528 mentionem
1617 2477 1816 2529 facere
1838 2477 1896 2527 in
1924 2476 2227 2545 precibus.
2315 2482 2416 2533 Li-

131 2545 269 2601 bera
304 2564 448 2615 ergo
498 2549 571 2599 sit
614 2548 781 2615 optio
824 2546 1181 2610 lectoribus;
1235 2545 1335 2600 sed
1376 2545 1529 2600 mihi
1573 2545 1737 2611 prior
1778 2563 1978 2598 sensus
2019 2547 2238 2600 melius
2274 2557 2416 2602 con·
2474 2575 2481 2583 ·

132 2630 334 2682 gruere
359 2617 617 2672 videtur.
689 2618 759 2668 In
788 2614 901 2667 reli
951 2634 1024 2668 uo
1054 2625 1334 2667 contextu
1361 2626 1448 2667 est
1476 2613 1701 2667 ordinis
1733 2614 2015 2679 inversio,
2092 2617 2217 2682 uia,
2255 2630 2419 2686 post-

134 2685 406 2749 quam2de
452 2684 707 2737 caritate
751 2695 811 2736 et
851 2684 891 2736 fi
938 2703 967 2735 e
1009 2685 1459 2753 loqu-utusest,
1511 2683 1814 2751 adiungit:
1871 2701 2009 2748 erga
2040 2634 2332 2738 garinum
2363 2704 2419 2740 et

134 2755 395 2820 sanctes,
434 2770 621 2823 quum
652 2753 850 2819 potius
877 2754 1187 2808 antithesis
1216 2752 1551 2821 requireret
1569 2788 1587 2819 ,
1624 2752 1881 2805 secundo
1910 2754 2045 2805 loco
2077 2753 2220 2821 poni
2242 2755 2417 2817 Chri-

127 2827 314 2887 -stum,
353 2823 415 2874 in
450 2839 627 2891 quem
657 2822 800 2873 fides
829 2821 1030 2875 nostra
1060 2820 1331 2890 respicit.
1609 2828 1615 2834 ⁷
2196 2841 2225 2879 ὢ
2472 2827 2475 2828 ’

263 2890 316 2943 6.
408 2894 487 2943 Ut
526 2892 974 2952 communicatio
1003 2892 1176 2959 fidei.
1263 2891 1393 2941 Hoc
1432 2907 1573 2943 vero
1609 2890 1958 2956 membrum⁴
1988 2892 2275 2944 nonnihil
2315 2896 2419 2956 ob-

138 2972 368 3012 scurum
406 2967 533 3021 ests
586 2959 689 3011 sed
722 2960 989 3011 conabor
1019 2960 1105 3011 ita
1144 2958 1475 3020 elucidare,
1524 2968 1591 3011 ut
1622 2967 1884 3012 mentem
1912 2961 2415 3031 Pauli-utcunque
2509 3021 2514 3027 ὰ

134 3030 686 3080 ῖεηεειηιῚεοιοτεε.
775 3030 973 3080 Primo
1011 3021 1315 3080 sciendum
1359 3036 1476 3094 est,
1530 3044 1653 3079 non
1686 3044 1937 3096 pergere
1967 3030 2319 3097 Apostolum
2350 3032 2417 3084 in

133 3092 301 3147 laude
335 3096 733 3163 Philemonis,
773 3098 891 3150 sed
923 3097 1119 3163 potius
1150 3097 1510 3163 exprimere,
1562 3097 1715 3166 quid·
1735 3095 1832 3148 illi
1862 3115 1896 3150 a
1922 3098 2414 3165 Domino-postu-

133 3159 230 3213 let.
312 3166 655 3219 Cohaerent
695 3167 854 3219 enim
890 3166 1035 3218 haec
1081 3165 1257 3217 verba
1295 3182 1432 3219 cum
1472 3183 1578 3231 eo,
1631 3167 1796 3233 quod,
1825 3166 1994 3235 prius
2034 3166 2302 3232 dixerat,
2350 3186 2415 3224 se

111 3228 290 3285 ‘illius
321 3252 448 3286 esse
477 3251 802 3294 memorem
833 3235 895 3286 in
930 3232 1315 3288 orationibus.
1402 3234 1560 3303 Quid
1591 3250 1734 3301 ergo
1765 3234 2105 3288 Philemoni
2141 3246 2416 3303 precatus

73 3331 76 3336 ·
133 3300 256 3351 est?
304 3313 370 3355 ut
410 3303 578 3356 fidem
598 3302 722 3356 eius
761 3323 822 3357 se
863 3311 1141 3356 exserens
1184 3319 1291 3369 per
1332 3304 1522 3355 honos
1560 3304 1790 3355 fructus
1833 3320 2006 3369 vera,
2049 3321 2168 3354 non
2208 3304 2414 3359 inanis

133 3372 635 3437 comprobaretur.
711 3372 876 3424 Fidei
905 3374 1060 3424 enim
1088 3364 1694 3428 communicationem
1721 3373 2012 3441 appellat,
2048 3390 2228 3442 quum
2254 3376 2417 3440 intus

132 3451 247 3487 non
274 3440 424 3492 latet
456 3440 672 3508 otiosa,
711 3440 944 3506 sedper
970 3456 1144 3493 veros
1174 3440 1418 3493 effectus
1449 3442 1771 3509 se-profert
1792 3442 1865 3497 ad
1893 3440 2178 3496 homines.
2239 3445 2419 3496 T-am-

136 3505 243 3557 etsi
281 3518 480 3561 autem
516 3510 660 3561 sides
696 3509 989 3564 occultam
1027 3509 1089 3560 in
1132 3510 1310 3566 corde
1349 3511 1546 3563 sedem
1578 3510 1790 3575 habet,
1834 3527 1895 3562 se
1923 3520 2124 3563 tamen
2156 3512 2417 3564 homini-

131 3571 235 3626 bus
265 3578 671 3630 communicat
699 3596 804 3645 per
833 3579 987 3629 bona
1017 3594 1218 3647 opera.
1305 3579 1467 3645 Ergo
1502 3580 1749 3647 perinde
1784 3588 1902 3650 est,
1955 3597 2022 3632 ac
2051 3582 2101 3631 si
2129 3581 2410 3634 dixisset:

133 3640 209 3692 Ut
234 3642 379 3698 fides
408 3656 513 3698 tua
543 3664 605 3697 se
635 3648 1130 3706 communicando
1161 3645 1485 3700 efficaciam
1517 3648 1769 3706 suamin
1797 3648 1957 3700 omni
1987 3649 2145 3703 hono
2173 3651 2414 3701 demon-

132 3713 289 3766 stret.
362 3716 651 3790 Cognitio
691 3726 895 3768 autem
933 3713 1125 3785 omnis
1161 3715 1304 3767 boni
1335 3734 1456 3783 *pro
1500 3715 1869 3783 experientia
1906 3718 2153 3783 capitur.
2230 3719 2418 3785 Optat

132 3778 315 3847 enim,
355 3792 422 3834 ut
452 3784 526 3835 ab
558 3784 780 3836 effectis
807 3785 951 3836 fides
986 3786 1414 3853 com-probetur
1445 3784 1694 3852 efficax,
1732 3785 1892 3854 quod
1915 3786 2014 3850 fit,
2053 3786 2191 3840 dum
2223 3788 2414 3842 homi-

131 3861 264 3913 nes,
312 3851 666 3919 quibuscum
690 3870 1037 3920 yermmur,
1091 3854 1250 3921 piam
1288 3863 1347 3906 et
1384 3866 1650 3905 sanctam
1688 3849 2416 3925 vitam-nostramcogno-

129 3928 320 3992 scunt.
403 3920 546 3984 Ideo
586 3920 765 3974 dicit:
827 3915 1034 3975 Omnis
1064 3924 1231 3987 boni,
1283 3924 1436 3990 quod
1466 3924 1528 3973 in
1555 3924 1718 3975 vobis
1747 3936 1852 3978 est.
1935 3924 2089 3977 Nam
2122 3924 2417 3994 quicquid

133 3996 196 4036 tn
237 3987 410 4041 nohis
449 3988 593 4041 honi
632 3999 751 4054 est,
800 3991 981 4050 fidem
1020 4002 1285 4046 nostram
1326 3991 1636 4060 patefacit.
1721 3990 2024 4045 Particula
2062 3994 2141 4050 εἰς
2165 3989 2415 4063 Χριστόν

131 4063 325 4118 potest
365 4058 579 4126 exponi
599 4075 631 4111 z.
664 4074 806 4124 erga
839 4058 1164 4112 Christum:
1244 4063 1373 4127 Ego
1401 4070 1636 4125 tamen„
1679 4059 1730 4111 si
1760 4060 1973 4124 liceat,
2029 4060 2229 4116 malim
2258 4064 2415 4116 acci-

133 4135 271 4186 pere
314 4141 428 4193 pltox
459 4126 521 4179 ἐν
551 4129 798 4195 Χριστῷ.
883 4130 1032 4179 Nam
1062 4129 1144 4180 sic
1171 4127 1227 4178 in
1260 4130 1432 4181 nobis
1462 4129 1728 4190 resident
1752 4127 1867 4181 Dei
1895 4130 2048 4181 dona
2067 4169 2083 4195 ,
2121 4139 2188 4184 ut
2214 4140 2436 4185 tamen.

135 4204 334 4243 eorum
372 4211 491 4245 non
530 4196 709 4250 simus
752 4196 1107 4262 participes,
1160 4196 1273 4248 nisi
1322 4206 1611 4266 quatenus
1647 4215 1844 4250 sumus
1874 4200 2140 4251 membra
2172 4200 2410 4252 Christi.

137 4255 287 4323 Quia
326 4261 523 4314 tamen
564 4265 917 4333 praecessit:
971 4269 1041 4317 In
1086 4265 1285 4330 vobis,
1340 4282 1571 4330 vereor,
1617 4283 1689 4317 ne
1720 4266 2096 4335 loquutionis
2125 4265 2412 4334 asperitas

139 4323 409 4381 offendat.
485 4335 691 4402 Itaque
718 4321 786 4386 in*
810 4335 997 4386 verbis
1029 4333 1182 4386 nihil
1212 4345 1443 4387 mutare
1471 4352 1835 4394 ausus„surm;
1874 4346 2114 4391 ⁴tantum
2148 4336 2410 4388 admoni-

133 4399 222 4444 tos
247 4399 401 4451 volui
433 4400 724 4470 lectores,
765 4412 830 4456 ut
852 4402 1121 4457 omnibus
1156 4404 1428 4473 expensis
1460 4402 1715 4472 eligant,
1756 4412 1961 4464 utrum,
1989 4402 2312 4472 placuerit.

2461 710 2495 725 .-
