2820 4895
365 296 368 301 ,
420 247 550 313 496
597 213 604 219 ’
843 336 850 341 ‚
1169 245 1279 313 :N
1352 190 1972 331 EmsroLass

423 412 728 489 Ridiculae
759 428 900 483 ergo
932 413 1203 469 videntur
1226 415 1574 486 magnificae
1609 414 1749 468 illae
1783 430 1986 468 voces:
2040 414 2315 471 serviant
2352 415 2465 473 tibi
2501 417 2708 487 populi,

422 495 480 538 et
509 480 694 538 tribus
730 493 791 535 te
830 486 1073 537 adorent
1099 480 1338 549 (Genea.
1368 487 1456 550 27,
1485 487 1619 549 29.).
1693 479 1882 556 Qhale
1920 486 2078 538 enim
2121 487 2444 540 dominium
2489 490 2711 542 tradere

420 558 644 626 potuit,
693 557 793 624 qui
821 557 946 623 ipse
978 560 1068 608 vix
1098 558 1247 607 liber
1272 556 1441 607 erat?
1519 554 1794 607 Videmus
1828 559 2026 628 itaque
2065 558 2222 610 hanc
2245 559 2712 617 benedictionem

419 627 540 696 fide
568 625 701 690 niti,
742 627 1305 695 quia-nihilpraete'r
1319 627 1428 678 Dei
1460 625 1696 678 verbum
1721 625 1898 677 habet
1925 629 2106 696 Isaac,
2133 627 2288 699 quod
2314 628 2381 679 i'n
2409 629 2572 682 filios
2596 646 2713 682 suos

425 697 711 749 conferat.
781 696 1052 749 Dubitari
1087 707 1280 748 tamen
1314 705 1537 764 potest,
1573 712 1646 746 an
1682 697 1798 748 ulla
1828 698 2098 750 fueritin
2126 699 2551 752 benedictione
2578 702 2714 754 Esau

429 768 608 829 fides,
645 781 820 835 quum
851 770 1133 835 reprobus
1162 775 1314 821 esset
1339 779 1516 835 atque
1543 783 1577 831 a
1604 768 1730 819 Deo
1754 767 2075 823 abdicatus.
2108 801 2119 811 ·
2145 766 2601 822 Solutiofacilis
2622 780 2713 839 est,

422 839 560 909 quia
589 837 652 887 in*
684 851 754 886 eo
788 838 1035 889 maxime
1062 838 1273 888 enituit
1301 835 1477 903 fides,
1529 852 1703 905 quum
1734 837 2017 904 gemellos
2049 854 2120 905 ex
2149 855 2209 890 se
2238 840 2477 909 genitos
2511 839 2716 892 discre-

403 907 544 972 -vit,
585 915 644 958 et
670 906 756 972 ita
779 907 1014 975 quidem
1033 945 1049 974 ‚
1088 918 1152 959 ut
1174 908 1389 963 minori
1415 907 1687 959 tribuerit
1710 909 1975 975 priorem*
1990 907 2207 961 locum.
2282 911 2442 961 Nam
2456 912 2578 962 Dei
2603 927 2716 963 ora·

401 976 624 1029 culum
657 976 960 1044 sequutus,
1017 978 1412 1045 primogenito
1453 977 1813 1029 ordinariam
1847 977 1937 1030 ius
1974 978 2221 1032 naturae
2252 979 2509 1033 ademit.
2580 981 2719 1033 Hinc

424 1057 624 1100 autem
662 1047 878 1114 pendet
909 1051 1087 1100 totius
1125 1049 1315 1117 gentis
1358 1047 1651 1113 conditio,
1701 1049 1855 1118 quod
1896 1048 2112 1102 electus
2149 1051 2338 1103 aDeo
2381 1049 2506 1103 fuit
2533 1052 2717 1120 Iacob,

425 1127 602 1188 atque
627 1132 694 1168 ea
722 1116 933 1170 electio
966 1119 1147 1187 patris
1177 1119 1586 1169 benedictione
1614 1118 1840 1169 sancita
1868 1117 2004 1182 fuit.
2685 1115 2690 1131 ¹

562 1188 650 1239 21.
729 1187 867 1239 Fide
905 1190 1089 1240 Iacob.
1162 1190 1554 1258 Quaecunque
1596 1197 1918 1239 memoratu
1949 1188 2122 1255 digna
2150 1185 2510 1240 acciderunt
2538 1189 2605 1242 in
2627 1207 2718 1267 po-

426 1256 591 1326 pulo,
643 1257 901 1324 Apostoli
935 1257 1240 1311 consilium
1269 1270 1357 1310 est
1387 1258 1529 1309 fidei
1560 1258 1918 1320 adscribere;
1971 1258 2106 1327 quia
2145 1265 2352 1308 tamen
2397 1261 2609 1313 omnia
2638 1278 2718 1314 re·

325 1394 332 1400 .
383 1338 388 1343 “
426 1342 665 1379 censere
693 1328 868 1391 nimis·
889 1329 1134 1398 longum„
1152 1329 1392 1394 fuisset,
1447 1344 1631 1397 pauca
1659 1344 1729 1379 ex
1769 1327 1968 1381 multis
2005 1325 2201 1395 eligit,
2250 1326 2432 1396 quale
2467 1330 2594 1384 hoc
2627 1341 2714 1385 est.

426 1399 576 1451 Nam
605 1395 791 1448 tribus
819 1397 1095 1468 Ephraim
1125 1392 1209 1450 ita
1239 1400 1494 1469 reliquas
1523 1399 1852 1465 superavit,
1902 1405 1968 1450 ut
1992 1398 2438 1467 quodammodo
2481 1400 2717 1454 laterent

431 1469 539 1520 sub
564 1466 686 1517 eius
713 1469 953 1530 umbra;
988 1487 1159 1537 saepe
1188 1472 1342 1521 enim
1375 1470 1576 1521 decem
1597 1468 1792 1529 ‚tribus
1820 1467 2609 1536 comprehenditScriptura
2627 1473 2711 1525 sub

370 1577 373 1581 .
428 1539 543 1590 hoc
568 1539 858 1593 nomiuef
899 1540 1074 1608 Atqui
1106 1539 1385 1606 Ephraim
1421 1557 1483 1590 ex
1514 1539 1732 1591 duobus
1758 1539 1903 1606 filiis
1925 1537 2132 1606 Ioseph
2161 1540 2362 1589 minor
2399 1551 2561 1596 natu
2592 1544 2711 1607 fuit;

432 1610 547 1678 quo
577 1616 842 1677 tempore
870 1607 1059 1677 ipsum
1090 1621 1147 1660 et
1175 1610 1419 1661 fratrem
1455 1609 1626 1661 Iacob
1654 1609 2073 1674 benedicebat,
2121 1609 2296 1669 ambo
2328 1622 2520 1663 erant
2557 1615 2711 1682 pueri.

401 1677 595 1747 ,Quid
638 1678 698 1727 in
741 1679 967 1729 minore
1004 1681 1282 1732 cernebat
1318 1681 1529 1746 Iacob,
1592 1696 1693 1732 cur
1737 1680 2132 1748 primogenito
2170 1695 2305 1730 eum
2353 1682 2709 1747 praeferret?

434 1748 595 1818 Quin
631 1747 807 1800 etiam
833 1748 898 1800 id
932 1750 1066 1801 dum
1104 1750 1282 1817 fa‘cit,
1330 1751 1528 1803 oculos
1558 1748 1733 1800 habet
1758 1751 1917 1802 senio
1947 1750 2180 1800 obtusos
2205 1758 2268 1800 et
2289 1747 2588 1820 hebetes,
2628 1770 2707 1805 nes

426 1818 674 1871 fortuito
714 1818 973 1872 dextram
1006 1837 1242 1872 manum
1275 1821 1529 1889 imponit
1560 1820 1738 1887 capiti
1769 1810 2084 1888 Ephraim3
2138 1818 2393 1871 brachia
2430 1825 2604 1876 enim
2632 1825 2706 1875 de-

431 1890 708 1940 cussatim
738 1891 1066 1957 componit,
1106 1902 1167 1943 ut
1196 1893 1456 1942 dextram
1480 1906 1715 1944 manum
1736 1891 1797 1943 in
1825 1892 2120 1942 sinistram
2147 1889 2514 1946 transferat.
2571 1895 2700 1946 Prae·

430 1966 595 2011 terea
627 1957 766 2009 duas
795 1961 886 2012 illi
914 1962 1212 2028 portiones
1242 1962 1529 2028 assignat,
1569 1977 1638 2012 ac
1665 1962 1712 2012 si
1741 1962 1860 2012 iam
1886 1960 2010 2011 eius
2034 1969 2225 2011 terrae
2253 1970 2418 2012 esset
2444 1963 2685 2025 domim,

430 2028 584 2079 unde
612 2044 743 2079 eum
769 2030 951 2097 fames
984 2032 1278 2100 abegerat.
1346 2031 1505 2083 Nihil
1530 2030 1626 2082 hic
1652 2031 1870 2082 rationi
1898 2038 2360 2082 consentaneum
2380 2067 2401 2098 ,
2442 2034 2570 2085 nisi
2601 2033 2681 2086 fidu

435 2098 785 2151 dominetur.
854 2100 1005 2169 Ergo
1037 2104 1240 2171 siquid
1275 2118 1399 2152 esse
1428 2101 1624 2152 volunt
1652 2102 1886 2164 ludaei,
1935 2116 2055 2152 non
2093 2098 2236 2151 alibi
2271 2117 2470 2169 quam
2511 2104 2579 2155 in
2620 2102 2685 2155 fite
2782 2136 2783 2151 ¹

433 2167 786 2238 glorientur.·
923 2173 1201 2224 Adon-avit
1245 2173 1319 2223 ad
1360 2173 1766 2224 summitatem.
1851 2171 1961 2223 Hic
2010 2187 2157 2223 unus
2209 2179 2301 2220 est
2334 2188 2414 2222 ex
2455 2172 2543 2226 iis
2583 2174 2699 2237 locis,
2782 2200 2783 2205 =

350 2270 356 2275 ·
429 2239 586 2291 unde
615 2239 1016 2297 coniecturam
1045 2240 1241 2293 facere
1274 2241 1445 2307 licet,
1486 2249 1699 2308 puncta
1726 2240 1863 2292 olim
1896 2243 2052 2308 apud
2076 2240 2381 2293 Hebraeos
2408 2258 2545 2294 non
2566 2244 2707 2295 iniisse

427 2311 495 2361 in
537 2326 669 2376 usu,
720 2310 851 2377 quia
882 2327 1001 2362 non
1027 2311 1108 2362 ita
1137 2310 1488 2364 hallucinari
1519 2319 1789 2377 poterant
1818 2310 2027 2364 Graeci
2055 2311 2458 2378 interpretes,
2521 2324 2589 2366 ut
2614 2314 2706 2377 vir·

430 2395 562 2449 gam
586 2395 691 2444 pro
718 2380 867 2432 lecto
891 2381 1244 2447 redderent,
1300 2383 1351 2433 si
1399 2381 1601 2434 eadem
1643 2391 1786 2432 tunc
1824 2382 2065 2447 fuisset,
2121 2376 2547 2452 quae-hodie,
2595 2383 2709 2436 scri-

430 2450 605 2504 bendi
635 2454 805 2504 ratic.
876 2454 1006 2504 Non
1033 2452 1429 2517 dubiumlest,
1477 2452 1618 2521 quin
1649 2454 1843 2505 Moses
1871 2454 1943 2504 de
1973 2452 2169 2504 lectuli
2200 2452 2404 2520 capite
2431 2453 2709 2525 loquatur,

431 2552 605 2606 quum
634 2535 774 2586 dicit
798 2540 964 2608 ”¹3⁷²ss
988 2519 1243 2605 &NR-⁸222·
1319 2536 1534 2591 Graeci
1567 2535 1795 2603 autem,
1833 2538 2001 2608 quasi
2029 2537 2307 2605 scriptum
2342 2548 2513 2590 esset
2556 2546 2717 2607 Πζξιῖ,

432 2605 857 2660 transtulerunt
908 2614 1083 2674 caput
1121 2608 1334 2677 virgae.
1417 2607 1588 2677 Quod
1630 2606 1796 2675 vulgo
1833 2615 2136 2676 receptum
2179 2600 2342 2671 erat',
2417 2605 2720 2676 Apostolus

429 2693 553 2730 non
597 2676 821 2728 dubitat
860 2691 962 2727 sno
1003 2677 1268 2729 instituto
1310 2678 1771 2733 accommodare.
1851 2678 2080 2730 Iudaeis
2118 2678 2359 2744 quidem
2407 2681 2719 2745 scribebat,

401 2745 532 2801 'Used
571 2749 665 2817 qui
704 2747 766 2798 in
802 2747 989 2798 varias
1022 2748 1291 2815 regiones
1329 2749 1570 2815 dispersi
1609 2745 1862 2815 patr-'iam
1901 2747 2160 2816 linguam
2190 2744 2431 2799 Graeca
2458 2760 2720 2803 mutave-

431 2827 587 2871 rant.
661 2817 1105 2882 Scimusaeantem
1130 2818 1432 2887 Apostolos
1460 2818 1572 2868 hac
1597 2818 1659 2869 in
1689 2823 1855 2886 parte
1883 2835 2005 2869 non
2031 2816 2175 2868 adeo
2199 2817 2382 2867 fuisse
2416 2817 2728 2889 scrupulo-

429 2905 555 2955 sos,
600 2888 736 2957 quin
767 2902 827 2937 se
857 2883 1088 2939 rudibus
1113 2896 1603 2961 attemperarent,
1637 2889 1845 2957 quibus
1873 2888 2062 2939 adhuc
2086 2888 2238 2938 lacte
2266 2894 2403 2938 erat
2432 2904 2612 2959 opus.
2660 2891 2727 2942 Et

429 2961 492 3013 in
533 2974 602 3014 ea
642 2974 708 3012 re
744 2956 891 3008 nihil
932 2965 1017 3009 e'st
1049 2957 1324 3027 periculi,
1375 2959 1548 3011 modo
1581 2975 1811 3028 semper
1833 2967 2184 3026 revocentur
2211 2959 2471 3010 lectores
2499 2962 2581 3013 ad
2616 2961 2728 3011 sin-

437 3044 633 3083 ceram
662 3027 1036 3096 nativamque
1061 3028 1396 3098 Scripturae
1431 3028 1760 3081 lectionem.
1838 3029 2149 3081 Caeterum
2177 3028 2241 3080 in
2272 3044 2338 3077 re
2367 3028 2498 3099 ipsa
2527 3047 2730 3099 parum

435 3108 525 3154 est
556 3096 902 3151 discriminis
921 3117 962 3164 ,'
990 3100 1157 3167 quia,
1212 3100 1367 3170 qnod
1399 3099 1660 3151 adoravit
1689 3100 1861 3151 Iacob
1880 3138 1896 3166 ,
1947 3099 2006 3151 id
2031 3098 2148 3149 fuit
2178 3098 2518 3167 gratiarum
2546 3103 2729 3153 actio-

339 3224 342 3228 Α
399 3213 402 3216 ,
425 3170 520 3223 nis
547 3168 905 3238 symbolumt
941 3186 1118 3238 quare
1143 3168 1259 3222 fide
1288 3169 1571 3221 adductus
1596 3163 1683 3221 est
1702 3207 1718 3236 ,
1756 3176 1821 3220 ut
1846 3186 1907 3221 se
1936 3169 2058 3220 filio
2083 3168 2484 3221 submitteret.

491 3269 494 3272 Δ
564 3231 666 3296 22..
727 3237 870 3292 Fide
907 3240 1134 3304 Ioseph.
1223 3241 1353 3294 Hoc
1403 3239 1695 3298 ultimum
1725 3238 2070 3309 est,.jquod
2110 3256 2180 3291 ex
2220 3236 2727 3299 Ratriarcharum

387 3322 390 3324 ’
477 3309 620 3360 estis
653 3310 883 3374 Moses,
932 3317 1000 3360 ut
1024 3316 1189 3360 certe
1221 3309 1466 3377 dignum
1501 3318 1621 3375 est,
1669 3317 1893 3360 narrat.
1962 3307 2304 3377 Nam=quod
2326 3305 2434 3359 illa
2467 3309 2730 3375 opulen-

428 3326 552 3444 fia,
587 3376 876 3442 deliciae,
899 3376 1175 3428 honores
1194 3415 1211 3443 ,
1249 3377 1665 3445 promissionis
1692 3376 2054 3430 oblivionem
2080 3385 2283 3428 sancto
2310 3375 2443 3427 viro
2476 3394 2611 3429 non
2644 3376 2731 3428 in·

377 3497 400 3508 ,.
428 3448 689 3509 ducunt,
740 3461 934 3514 neque
977 3454 1122 3498 eum‘
1150 3446 1214 3498 in
1257 3448 1527 3515 Aegypto
1569 3456 1972 3509 remorantur;
2040 3445 2101 3497 id
2144 3462 2283 3496 vero
2326 3459 2449 3496 non
2508 3461 2731 3514 parvae

426 3515 572 3569 fidei
601 3513 1019 3583 argumentum
1044 3523 1153 3566 est.
1203 3515 1375 3567 Unde
1402 3513 1561 3567 enim
1585 3524 1751 3568 tanta
1776 3513 1962 3566 animi
1989 3513 2372 3582 magnitudo,
2411 3522 2523 3581 ut,
2567 3514 2732 3584 quie·

430 3584 573 3655 quid
597 3584 662 3648 in
690 3581 909 3636 mundo
939 3595 1026 3634 est
1053 3582 1342 3647 sublime,
1387 3583 1713 3653 despiciat,
1760 3582 2048 3653 quioquid
2080 3581 2413 3651 pretiosum
2441 3592 2579 3648 est,
2629 3583 2731 3634 du·

430 3662 531 3705 cat
559 3670 667 3721 pro
701 3650 889 3705 nihilo
908 3690 924 3716 ,
972 3651 1091 3704 nisi
1122 3653 1276 3722 quod
1304 3651 1369 3702 in
1397 3652 1636 3705 coelum
1664 3653 2097 3703 conscenderat
2116 3651 2144 3704 ἶ)
2219 3650 2396 3718 Quod
2434 3666 2587 3707 ossa
2628 3666 2733 3703 sua

428 3721 600 3786 iubet
627 3718 959 3788 exportari,
1001 3719 1063 3772 in
1091 3738 1159 3771 eo
1189 3719 1279 3773 sui
1305 3720 1604 3773 rationem
1635 3737 1756 3771 non
1786 3720 2003 3785 habet,
2049 3717 2216 3790 quasi
2248 3718 2655 3785 sepulchrum
2687 3719 2733 3769 ei

427 3789 668 3842 *dulcius
697 3792 966 3843 futurum
995 3798 1149 3842 esset
1177 3789 1271 3841 vel
1300 3790 1513 3842 melius
1543 3792 1601 3841 in
1629 3798 1794 3850 terra
1821 3790 2054 3839 Canaan
2073 3826 2090 3855 ,
2128 3802 2300 3856 quam
2323 3788 2387 3846 in
2404 3790 2728 3856 *Aegyptm

429 3858 530 3911 sed
558 3867 796 3911 tanturn
818 3857 1005 3911 voluit
1033 3858 1229 3925 gentis
1259 3874 1395 3910 suae
1429 3857 1788 3914 desiderium
1818 3873 2030 3909 acuere
2050 3894 2066 3922 ,
2102 3864 2166 3907 ut
2198 3855 2633 3909 vehementius
2666 3853 2732 3905 ad

426 3923 900 3993 redemptionem
928 3926 1329 3995 adspirarent3
1369 3917 1575 3990 voluit¹
1595 3939 1655 3978 et
1680 3927 1856 3979 fidem
1882 3924 2256 3994 confirmare,
2296 3932 2362 3975 ut
2392 3936 2582 3979 certo
2608 3941 2733 3995 spe·

437 4004 644 4047 rarent
661 4025 688 4063 ,>
715 4013 778 4048 se
809 3995 1046 4047 tandem
1070 3996 1389 4050 liberatum
1418 3996 1519 4049 iri.
2470 4025 2481 4030 ·

620 4073 626 4081 .
1232 4071 1251 4093 ,
1414 4077 1421 4090 ,.
1469 4079 1475 4083 .

531 4147 558 4168 “
591 4150 704 4226 23.
739 4144 913 4214 Fide
941 4145 1214 4225 MoseS‚
1262 4159 1467 4229 quum
1498 4160 1693 4213 natus
1727 4158 1944 4226 esset,
2001 4143 2728 4212 occultatus'fu‘it‘tres

325 4313 330 4316 ¹
429 4251 697 4297 menses
733 4251 775 4294 a
810 4231 1402 4318 parentibusfuit‚
1457 4237 1610 4315 quia
1640 4231 1957 4304 videbant
1992 4233 2089 4298 ele
2139 4243 2357 4292 antem
2393 4228 2733 4315 puellum,

428 4328 497 4379 et
523 4337 655 4378 non
684 4319 1060 4379 timuerunt
1091 4316 1390 4380 edictum
1418 4319 1638 4401 Regis.
1729 4318 1833 4380 24.
1881 4315 2051 4381 Fide
2160 4334 2312 4379 oses
2346 4318 2489 4378 iam
2524 4333 2737 4398 gran-

416 4400 545 4465 dis
579 4401 814 4466 renuit
852 4402 1082 4465 vocari
1122 4399 1301 4468 filius
1331 4402 1951 4526 filiae‘pharaongs,
2035 4402 2142 4467 25.Δ
2184 4400 2425 4480 Potius
2466 4400 2735 4487 eligens
