2820 4895
101 209 266 255 ,κἡ

643 250 797 315 An.
838 202 1671 317 ΤιΜοΤΗΕυΜῩυ.
1742 247 1897 357 ‚⁰⁸⁴²-
1934 246 2048 315 11L
2370 200 2496 313 θέε

71 478 78 483 ⁷,
148 420 482 489 loquutum
525 412 648 475 esse
693 418 763 470 de
807 417 1118 483 molestiis,
1176 433 1319 487 quas
1358 418 1644 471 sustinere
1670 425 1973 488 ,coguntur
2010 416 2305 483 filiiDei,
2349 417 2487 471 dum

150 506 263 558 pro
298 489 501 558 gloria
531 488 717 540 Patris
746 489 833 540 sui
865 498 1103 540 certant.
1176 490 1311 540 Dixi
1346 498 1543 539 autem
1595 489 1769 558 paulo
1811 498 1979 556 ante,
2032 486 2220 557 qualis
2261 488 2336 538 sit
2371 489 2485 540 iste

156 561 496 628 profectus.
571 561 776 628 Neque
809 560 968 610 enim
997 566 1222 609 tantum
1250 559 1577 619 obstinatos
1608 559 1678 609 ad
1722 560 2108 613 resistendum
2148 557 2290 608 fore'
2311 574 2481 625 prae-

150 631 309 681 dicit
334 648 349 691 3
394 630 496 679 sed
524 629 787 682 nocendo
824 643 1053 697 quoque
1084 638 1143 678 et
1172 628 1302 680 aliis
1330 628 1772 696 corrumpendi-s
1802 628 2103 681 habituros
2131 640 2477 693 successum.

148 700 293 752 Plus
336 700 501 750 enim
531 716 761 766 semper
785 702 856 749 ad
887 699 1298 749 destruendum
1330 692 1550 766 valebit
1583 715 1730 765 unus
1759 699 2010 767 nebule,
2064 714 2236 767 quam
2271 698 2477 751 decem
2556 726 2561 733 ·

148 770 260 821 fidi
295 771 592 821 Doctores
627 770 698 819 ad
726 768 1159 820 aedificandum
1180 806 1196 835 ‚
1250 769 1571 837 quamlibet
1595 779 1828 821 strenue
1854 770 2144 823 laborent.
2214 766 2335 821 Nec
2363 785 2476 821 un·-

148 855 340 910 quam
391 839 894 891 desunt-Satanae
937 839 1218 905 zizanias
1248 855 1393 907 quae
1438 845 1644 906 puram
1689 846 1936 908 segetem
1980 841 2289 899 infestent3
2351 837 2477 891 imo

146 925 340 980 quum
372 911 648 962 videntur
673 909 980 977 profligari
1009 907 1581 977 pseudoprophetae,
1633 908 1732 960 alii
1780 909 2022 962 subinde
2071 926 2139 960 ex
2182 908 2308 959 aliis
2347 910 2473 976 pul-

117 983 372 1034 difflant.
455 982 761 1032 Caeterum
790 980 928 1031 inde
958 978 1210 1043 nocendi
1238 978 1527 1042 facultas,
1574 994 1692 1029 non
1727 980 1879 1055 quqd
1908 989 2107 1046 suapte
2134 988 2343 1030 natura
2374 996 2469 1031 va-

146 1052 334 1113 lidius
364 1051 447 1102 sit
471 1050 838 1102 mendacium
865 1051 1110 1109 veritate
1128 1085 1143 1112 ‚
1181 1057 1281 1098 aut
1308 1049 1525 1102 diaboli
1558 1059 1709 1100 artes
1738 1050 1984 1116 Spiritus
2009 1049 2120 1100 Dei
2146 1049 2471 1100 efficaciam

144 1130 470 1190 supereum
527 1122 627 1171 sed
660 1123 827 1189 quod.
848 1119 1111 1170 homines
1138 1129 1343 1184 sponte
1376 1122 1492 1169 iam
1525 1119 1601 1173 ad.
1630 1120 1946 1172 vanitatem
1980 1127 2038 1169 et
2077 1135 2301 1170 errores
2335 1135 2472 1186 pro-

147 1192 318 1260 pensi
351 1191 590 1242 facilius
625 1191 792 1258 longe
820 1190 1284 1258 amplectuntur,
1328 1190 1484 1257 quod
1503 1190 1744 1255 ingenio
1777 1205 1881 1241 suo
1912 1191 2208 1256 congruit3
2261 1188 2470 1240 deinde

147 1262 311 1332 quod
344 1263 503 1313 iusta
527 1262 635 1313 Dei
667 1262 925 1312 vindicta
959 1259 1255 1311 excaecati
1304 1259 1616 1310 trahuntur
1654 1257 1929 1329 tauquam
1975 1261 2204 1326 captiva
2244 1260 2469 1309 manci·

146 1334 244 1402 pia
279 1332 359 1383 ad
392 1334 647 1384 Satanae
676 1330 992 1384 libidinem.
1048 1326 1250 1396 ”Atque
1287 1329 1436 1381 haec
1469 1329 1786 1397 praecipua
1825 1339 1910 1380 est
1954 1345 2159 1393 causa,
2213 1344 2315 1378 cur
2343 1338 2464 1380 tam

85 1425 91 1432 ·
135 1403 359 1454 efficax
405 1406 481 1453 sit
515 1401 844 1468 impiarum
878 1400 1276 1452 doctrinarum
1309 1399 1487 1467 pestis
1509 1436 1527 1466 ,
1582 1400 1737 1467 quod
1770 1401 1855 1454 ita
1883 1410 2141 1451 meretur
2164 1397 2467 1451 hominum

143 1472 545 1541 ingratitudo,
615 1471 846 1539 Operae
873 1470 1127 1541 pretium
1155 1478 1350 1521 autem
1376 1479 1493 1535 est,
1546 1468 1717 1522 huius
1748 1472 1833 1521 rei
1865 1469 2166 1520 admoneri
2195 1469 2317 1535 pios
2346 1471 2467 1522 Do·
2514 1480 2519 1483 '

147 1549 383 1606 oteres,
442 1551 509 1594 ut
549 1542 621 1592 ad
664 1543 1003 1593 continuam
1041 1540 1315 1597 militiam
1348 1557 1408 1591 se
1439 1549 1682 1607 parent,
1734 1554 1857 1591 nec·
1875 1538 2260 1592 diuturnitate
2300 1539 2471 1591 stan--

143 1623 399 1686 gantur,
444 1614 534 1662 v-el
560 1613 933 1664 succumbant
955 1611 1286 1678 proterviae
1315 1608 1572 1662 hostium
1603 1626 1672 1661 ac
1700 1610 2070 1677 insolentiae.
2320 1614 2325 1643 ³
2426 1644 2435 1657 ³

287 1682 398 1736 14.
463 1682 544 1733 Tu
587 1695 773 1732 autem
817 1673 1040 1732 mana*
1075 1682 1376 1746 Utcunque
1415 1690 1708 1748 grassetur
1751 1681 2060 1747 impietas,
2119 1689 2176 1731 et
2217 1677 2459 1730 ulterius

147 1761 536 1822 perrumpat,
588 1751 751 1802 iubet
788 1749 1163 1802 nihilominus
1189 1750 1567 1809 Timotheum
1608 1760 1783 1805 stare.
1846 1752 1931 1817 ,Et
1963 1758 2123 1800 certe
2146 1747 2295 1798 haec
2322 1765 2458 1819 vera

149 1833 234 1875 est
264 1823 410 1874 fidei
440 1821 745 1890 probatio,
783 1821 884 1872 ubi
913 1831 1117 1872 contra
1133 1820 1447 1874 Diabolum
1476 1822 1677 1873 omnia
1702 1819 2140 1875 machinantem
2166 1818 2455 1870 indefesso

146 1895 342 1950 studio
395 1891 757 1956 obnitimur,
821 1906 931 1941 nec
955 1912 958 1913 ⁷
979 1906 1214 1943 cursum
1265 1891 1626 1957 reflectimus
1678 1892 1750 1940 ad
1790 1891 2109 1960 quemlibet
2154 1888 2310 1940 venti
2351 1888 2460 1941 fla-

146 1973 330 2030 tum,
381 1964 486 2017 sed
526 1961 630 2013 fixi
670 1976 969 2025 manemus
1003 1961 1218 2013 invDei
1259 1960 1536 2028 veritate,
1597 1970 1874 2030 tanquam
1917 1963 1977 2012 in
2015 1975 2181 2011 sacra
2223 1975 2469 2027 ancorag

148 2035 453 2086 Particula
484 2035 678 2084 sciens
712 2050 746 2080 a
777 2049 887 2100 quo
925 2031 1203 2081 didiceris
1232 2031 1425 2098 posita
1456 2041 1544 2082 est
1570 2031 1644 2082 ad
1682 2030 2208 2083 commendandam
2246 2029 2465 2081 doctri-

149 2116 268 2156 nae·
290 2103 729 2155 certitudinem.
798 2101 999 2169 Neque
1027 2101 1212 2167 enim,
1254 2101 1301 2152 si
1333 2108 1461 2171 quis
1490 2117 1799 2170 perperam
1831 2104 2009 2157 fuerit
2035 2099 2365 2161 institutus,
2400 2100 2459 2151 in

152 2191 219 2226 eo
262 2162 514 2244 pergere
556 2171 741 2222 debet.
825 2170 1140 2221 Dediscere
1192 2172 1349 2222 enim
1389 2188 1495 2223 nos
1534 2170 1806 2240 bportet,
1875 2174 2253 2243 quaecunque
2297 2177 2460 2220 extra

152 2244 448 2297 Christum
497 2243 836 2306 habuimus,
894 2239 954 2290 εἰν
985 2240 1223 2291 velimus
1269 2258 1391 2293 esse
1435 2241 1905 2309 eius‘discipuli,
1968 2240 2457 2310 quemadmodum

148 2313 261 2366 hoc
298 2317 475 2367 nobis
514 2329 693 2385 purae
729 2312 791 2361 in
817 2309 932 2362 fide
961 2310 1342 2365 institutionis
1372 2313 1485 2362 fuit
1513 2313 1816 2364 exordium
1839 2349 1853 2375 ‚
1906 2311 2169 2363 oblivisci
2213 2319 2274 2360 et
2316 2309 2462 2365 abii·

151 2401 285 2437 cere
314 2397 508 2438 totam
540 2384 792 2452 Papatus
815 2378 1261 2434 institutionem.
1338 2384 1531 2455 Quare
1572 2398 1694 2433 non
1728 2382 2132 2433 indifferenter
2156 2379 2457 2445 ‘praecipit

95 2513 96 2520 χ
151 2439 829 2525 Apostolus'TimotheO,
868 2462 935 2501 ut
958 2452 1234 2505 traditam
1264 2452 1372 2504 sibi
1398 2453 1722 2504 doctrinam
1752 2454 2033 2519 retineat,
2074 2452 2175 2502 sed
2206 2466 2332 2501 eam
2360 2449 2456 2500 de'-

150 2542 310 2582 mum
334 2568 349 2596 ,
395 2527 562 2580 cuius
591 2532 816 2574 constat
843 2522 936 2573 illi
963 2525 1177 2573 veritas
1195 2560 1210 2588 ,
1260 2535 1372 2593 quo
1400 2523 1727 2592 significat,
1784 2521 2176 2574 adhibendum
2205 2537 2324 2571 esse
2353 2520 2460 2571 dc·-

155 2596 392 2650 lectum.
440 2585 664 2647 'Porro
706 2609 824 2644 non
861 2591 975 2644 hoc
1017 2592 1127 2644 sibi
1174 2604 1409 2663 arrogat
1451 2593 1733 2663 tanquam,
1765 2592 1994 2644 homini
2022 2592 2301 2658 privato,
2368 2589 2479 2655 ut,'

159 2669 312 2735 quod
360 2667 633 2727 docuerit
655 2704 669 2731 ,
721 2664 797 2715 sit
831 2662 1164 2715 habendum
1196 2660 1301 2731 pro
1333 2664 1600 2726 oracistw,
1654 2664 1753 2716 sed
1784 2663 2146 2715 confidenter
2180 2661 2330 2728 apud
2358 2662 2458 2724 Ti*

149 2737 451 2800 motheum
480 2753 647 2788 suam
672 2736 1086 2785 auctoritatem
1113 2734 1446 2804 praedicat,
1472 2767 1477 2774 -
1499 2737 1591 2786 cui
1621 2736 1844 2786 sciebat
1876 2743 2080 2784 notam
2126 2748 2247 2782 esse
2288 2746 2454 2781 suam

131 2807 360 2876 fldem,
411 2817 473 2859 et
498 2823 660 2861 suam
688 2804 1053 2856 vocationem
1087 2804 1414 2871 probatam.
1491 2806 1662 2877 Quod
1691 2806 1737 2857 si
1766 2813 1927 2856 certo
1962 2813 2266 2870 persuasus
2304 2811 2448 2862 erat,

109 2905 114 2912 ·
152 2895 208 2928 se
238 2880 518 2934 edoctum
549 2894 667 2929 esse
696 2893 731 2925 a
762 2874 984 2927 Christi
1012 2876 1282 2941 Apostolo
1301 2912 1317 2940 ‚
1367 2874 1506 2926 inde
1543 2877 1835 2928 statuebat
1860 2891 1977 2924 non
2007 2872 2263 2924 hominis
2300 2887 2443 2936 esse,

153 2949 248 2999 sed
268 2950 492 3001 Christi
512 2948 859 2998 doctrinam.
931 2944 1224 3000 Hic³locus
1252 2945 1562 3013 admonet,
1597 2957 1718 2999 tam
1745 2947 1943 2999 sedulo
1970 2942 2285 2996 cavendam
2329 2958 2448 2991 esse
2530 2956 2537 2994 ζ

154 3018 612 3088 obstinationem
637 3021 696 3069 in
723 3016 896 3068 rebus
928 3017 1123 3085 min-its
1156 3018 1468 3083 compertis
1505 3018 1591 3085 (ut
1606 3007 1753 3069 *sunt
1777 3017 1976 3067 omnes
2006 3013 2311 3063 hominum
2352 3011 2449 3061 do-

155 3089 402 3155 ctrinae)
422 3128 437 3157 ‚
509 3104 686 3157 quam
728 3086 838 3144 Dei
882 3086 1182 3137 veritatem
1231 3086 1450 3137 inflexa
1504 3088 1833 3139 constantia
1884 3083 2252 3136 retinendam
2307 3098 2448 3131 esse.

152 3158 471 3211 Praeterea
523 3159 663 3209 hinc
713 3158 1019 3221 discimus,
1075 3156 1213 3207 fidei
1258 3157 1594 3210 adiunctam
1637 3158 1847 3210 dehere
1886 3173 2009 3208 esse
2052 3153 2446 3222 prudentiam,

91 3286 96 3292 ,
155 3245 301 3298 quae
327 3231 487 3282 inter
514 3228 622 3281 Dei
650 3237 708 3279 et
735 3227 1038 3280 hominum
1077 3242 1409 3279 sermonem
1448 3229 1779 3294 discernat,
1829 3223 1902 3278 υἱ
1942 3235 2161 3278 temere
2204 3221 2450 3289 arripia-

154 3312 310 3365 mus,
359 3299 641 3370 quicquid
676 3299 1040 3367 proponitur*
1064 3299 1123 3351 in
1152 3300 1431 3350 medium.
1505 3298 1676 3350 Nihil
1703 3299 1859 3354 enim'
1891 3314 1924 3347 a
1952 3296 2067 3347 fide
2099 3293 2281 3360 magis
2308 3290 2449 3341 {ilie-

160 3384 302 3419 num
331 3387 509 3439 quam
552 3370 696 3422 levis
735 3369 1083 3436 credulitas,
1134 3384 1282 3436 quae
1308 3370 1639 3437 promiscue
1669 3369 1896 3439 quidvis
1929 3376 1988 3418 et
2019 3383 2052 3416 a
2088 3364 2288 3435 quovis
2318 3377 2449 3411 am-

155 3438 332 3503 plecti
374 3433 645 3508 sustinet,
711 3440 847 3508 quia
883 3438 997 3489 lroc
1036 3440 1414 3509 praecipuum
1455 3448 1540 3491 est
1579 3440 1716 3490 fidei
1753 3438 2235 3499 fundamentum,
2301 3432 2451 3481 scire

154 3508 342 3561 Deum
385 3511 498 3563 sibi
543 3527 666 3561 esse
709 3519 1025 3560 auctorem.
1111 3509 1281 3578 Quod
1317 3507 1513 3575 addit,
1571 3511 1850 3561 creditam
1883 3510 2081 3576 fuisse
2121 3502 2449 3556 doctrinam

154 3578 340 3645 ipsam
365 3579 707 3649 Timotheo,
742 3580 813 3630 ad
841 3575 1072 3646 αὔξησιν,
1095 3581 1262 3631 valet.
1283 3625 1294 3646 ,
1333 3578 1466 3629 Plus
1494 3581 1649 3631 enim
1678 3579 1957 3646 quiddam
1987 3586 2074 3627 est
2092 3613 2107 3640 ‚
2162 3572 2452 3625 committi

156 3647 358 3701 instar‘
374 3651 622 3719 depositi
641 3689 656 3718 ‚
709 3649 904 3718 quam*
929 3648 1274 3716 simpliciter
1304 3650 1480 3700 tradi.
1554 3652 1730 3701 Porro
1758 3645 2100 3714 Timotheus
2129 3660 2249 3695 non
2282 3641 2451 3711 quasi

156 3730 300 3769 unus
327 3723 607 3791 quispiam
639 3738 670 3771 e
693 3720 859 3788 vulgo
888 3719 1123 3770 edoctus
1150 3721 1344 3773 fuerat
1366 3757 1381 3786 ‚
1433 3718 1532 3771 sed
1567 3729 1630 3771 ut.
1667 3719 1796 3770 aliis
1825 3716 2076 3769 fideliter
2104 3730 2207 3782 per
2245 3728 2450 3765 manus

156 3789 447 3859 traderet,
487 3791 640 3862 quod
674 3798 997 3858 acceperat.
1255 3833 1278 3858 ,
1526 3797 1531 3798 ’
1764 3789 1769 3796 “

289 3860 375 3912 15.
448 3864 522 3912 Et
551 3862 702 3931 quod
732 3880 767 3911 a
794 3859 1069 3927 pueritia.
1142 3860 1269 3911 Hoc
1299 3875 1528 3928 quoque
1558 3874 1678 3909 non
1715 3856 1952 3923 vulgare
1986 3863 2110 3905 erat
2147 3852 2445 3903 adiumen-

107 3947 124 3954 κ
155 3929 277 3975 tum
298 3943 322 3993 ,’
354 3931 507 3997 quod
534 3947 568 3982 a
596 3930 847 3998 pueritia
880 3928 1239 3980 assuefactus
1270 3939 1396 3979 erat
1423 3928 1759 3996 scripturae
1786 3925 2053 3977 lectioni..
2119 3925 2271 3974 Nam
2301 3921 2447 3978 haec

158 3992 326 4064 longa
355 4001 699 4053 exercitatio
726 4000 909 4051 multo
936 3998 1372 4051 instructiorem
1402 3999 1645 4060 reddere
1676 3996 2200 4064 hominemnpotest
2238 3992 2446 4044 adver-

162 4078 251 4115 sus
278 4082 475 4121 omnes
507 4071 1044 4122 circumventiones.
1087 4069 1323 4138 ‘Itaque
1361 4068 1679 4137 prudenter
1720 4066 1861 4116 otim
1892 4075 2126 4115 cautum
2154 4063 2301 4127 fuit,
2360 4068 2443 4124 ut,

97 4181 104 4194 x
162 4134 255 4201 qui
287 4133 725 4191 destinabantur
752 4139 930 4191 Verbi
959 4137 1315 4204 ministeriO,
1371 4156 1405 4190 a
1442 4139 1636 4208 pueris
1669 4136 2036 4189 erudirentur
2064 4135 2135 4196 ¹⁰1².
2162 4132 2445 4184 solidiore

163 4203 389 4282 pietatis
420 4209 718 4277 doctrina,
769 4212 1031 4276 adeoque
1060 4209 1267 4260 Sacras
1291 4205 1521 4261 litteras
1556 4209 1785 4278 penitus
1825 4206 2208 4267 imbiberent,
2261 4218 2333 4251 ne
2375 4200 2444 4249 ad

165 4285 346 4336 ¹psum
376 4295 579 4333 munus
615 4280 959 4332 accederent
987 4279 1343 4332 noviadhuc
1374 4289 1432 4331 et
1462 4281 1701 4331 tirones.
1774 4278 1954 4344 Atque
1993 4275 2107 4330 hoc
2153 4275 2214 4325 in
2254 4273 2441 4339 singu-

115 4373 116 4378 =
166 4339 269 4394 lari
294 4347 406 4398 Dei
440 4351 728 4403 beneficio
769 4350 1101 4418 ponendum
1148 4359 1270 4417 est,
1323 4350 1370 4400 si
1402 4351 1527 4421 quis
1557 4350 1642 4401 ita
1668 4346 1850 4416 fuerit
1874 4364 1908 4397 a
1937 4343 2153 4396 teneris
2181 4341 2445 4409 Scriptu-

167 4423 263 4463 rae
303 4419 636 4487 cognitione
659 4421 946 4473 imbutus.
1093 4419 1255 4487 Quas
1296 4433 1543 4488 possunt
1586 4433 1660 4470 te.
1732 4417 1963 4486 Insigne
1990 4414 2331 4494 Scripturas
2360 4425 2443 4461 sa-

1287 4571 1296 4594 f
