2820 4895
645 254 805 322 an·
845 223 1525 323 ΤΙΜΟΤΗΕΠΜ
1570 241 1655 336 1.‘-⁴
1687 243 1847 320 cni
1888 243 1972 320 v.
2326 257 2454 318 277
2549 209 2554 216 ’

134 443 145 468 ⁴
177 429 429 497 placeret
464 425 595 492 vita
632 423 1003 494 coniugalis:
1056 423 1161 478 sed
1183 431 1415 476 tantum
1443 431 1725 493 quatenus
1754 423 2035 496 exigebat
2060 409 2293 479 functio
2313 460 2331 491 ,
2376 423 2451 476 ad

179 513 342 568 quam
397 493 806 563 eligebantur,
874 492 1149 561 coniugii
1189 494 1429 544 vinculo
1472 510 1531 544 se
1570 492 1635 543 in
1673 501 1865 546 totam
1905 495 2086 546 vitam
2119 492 2448 546 solvebant.

173 583 275 618 nec
311 582 370 616 se
410 564 726 631 privabant
762 560 1029 614 nubendi
1066 561 1385 626 libertate,
1436 561 1549 611 nisi
1591 577 1773 628 quum
1812 563 2039 615 nubere
2071 563 2164 614 vel
2193 560 2448 613 maxime
2493 573 2496 578 ’
2553 569 2554 580 ’

169 634 363 685 liberis
393 631 512 682 iam
544 631 861 683 absurdum
890 639 1018 696 erat
1045 639 1104 680 et
1128 625 1650 696 intempestivum.'
1696 630 1970 701 Denique
1997 631 2229 683 tantum
2264 626 2470 680 a'mo-.

171 701 417 822 gislibus
446 700 796 754 differebant
819 699 974 750 istae
1004 697 1235 765 viduae,
1256 705 1564 766 'quantum
1584 698 1794 752 Henna
1821 699 2258 769 prophetissae
2273 696 2446 749 Glau-

215 771 269 822 ia
296 769 521 821 vestali.
732 813 737 832 ,
1246 804 1253 811 ·
2398 770 2400 775 ⁴

146 829 151 840 ¹
303 837 381 890 13.
467 838 654 889 Simul
690 851 743 888 et
785 837 1024 900 otiosae.
1099 833 1268 886 Nihil
1308 843 1434 899 est,
1490 834 1648 902 quod
1688 833 1972 888 mulieres
2008 836 2198 904 magis
2238 834 2447 886 deceat

172 906 579 976 quam'domus
621 901 910 972 custodia.
961 902 1116 955 unde
1158 903 1312 970 apud
1352 911 1593 955 veteres.
1623 899 1857 955 testudo*
1897 905 2178 960 honestae
2215 914 2275 956 et
2308 919 2445 973 pro-

169 973 274 1028 bae
314 974 774 1028 matrisfamilias
815 973 1010 1041 imago
1048 970 1200 1023 fnit:
1255 970 1424 1041 atqui
1448 971 1676 1026 multae
1705 974 2009 1024 contrario
2036 974 2248 1025 morbo
2281 972 2447 1024 labo·

173 1053 316 1098 rant.
397 1042 559 1095 Nihil
588 1043 750 1094 enim
783 1041 929 1104 ests
957 1040 1112 1110 quod
1143 1040 1333 1107 magis
1364 1056 1459 1091 eas
1488 1040 1746 1091 delectet
1778 1043 1953 1109 quam
1982 1042 2100 1094 huc
2130 1042 2281 1093 illuc
2310 1058 2443 1093 cur-

172 1111 379 1168 sitandi
414 1113 694 1166 licentia:
745 1110 1103 1181 praesertim
1130 1108 1231 1160 ubi
1263 1118 1615 1159 exoneratae
1644 1109 1877 1161 familia
1905 1110 2064 1162 nihil
2091 1111 2313 1162 habent
2342 1111 2446 1161 do·

171 1183 251 1233 mi
291 1184 442 1250 quod
486 1191 687 1247 agant.
775 1179 945 1231 Adde.
971 1179 1129 1246 quod
1162 1176 1293 1238 istis
1335 1177 1558 1242 viduis,
1609 1177 1857 1230 honoris
1891 1188 2239 1259 praetextu,
2286 1176 2449 1246 quod.³

171 1250 347 1301 veluti
388 1250 691 1317 publica-m
725 1265 1047 1319 personam
1085 1248 1414 1313 gerebant,
1464 1245 1707 1300 facilior
1735 1264 1941 1316 quovis
1968 1249 2157 1300 aditus
2186 1246 2442 1315 patebat.

172 1320 337 1388 Hanc
371 1320 878 1386 opportunitatem
912 1327 1127 1372 nactae
1167 1315 1462 1378 beneficio
1492 1314 1793 1366 Ecclesiae
1821 1317 2221 1368 abutebantur
2245 1315 2318 1367 ad
2344 1315 2445 1367 de-

170 1387 382 1444 sidiam.
431 1388 641 1440 deinde
681 1392 773 1455 (ut
810 1384 941 1437 fieri
978 1386 1154 1449 solet)
1196 1388 1267 1435 ex
1313 1384 1439 1438 otio
1488 1384 1842 1448 nascebatur
1887 1387 2237 1449 curiositas,
2296 1399 2446 1454 quae

168 1453 286 1522 ipsa
335 1457 715 1521 garrulitatis
770 1465 857 1507 est
906 1463 1119 1505 mater.
1207 1452 1601 1510 Verissimum
1646 1452 1802 1506 enim
1848 1462 1936 1505 est
1973 1453 2122 1505 illud
2167 1451 2441 1504 Horatii:

169 1526 651 1593 Percontatorem
691 1525 912 1593 fugito,
961 1538 1099 1573 nam
1131 1521 1403 1589 garrulus
1433 1520 1589 1571 idem
1623 1531 1729 1574 est.
1802 1522 1977 1574 Omni
2004 1523 2159 1574 enim
2190 1522 2306 1573 fide
2341 1538 2443 1573 cu-

82 1649 87 1660 ,
168 1593 350 1645 riosos
376 1595 465 1660 (ut
493 1592 691 1662 inquit
721 1591 1103 1656 Plutarchus)
1132 1607 1340 1642 carere
1366 1607 1622 1658 aequum
1654 1601 1742 1641 est
1761 1628 1777 1657 ,
1817 1590 1918 1659 qui
1944 1591 2299 1659 simulatque
2331 1589 2440 1641 ali·

171 1662 300 1730 quid
327 1663 651 1715 hauserunt
679 1661 982 1730 nu‘nquam
1008 1667 1243 1726 cessant
1271 1659 1458 1710 donec
1495 1658 1886 1711 effutiverint.
1939 1659 2291 1712 Praesertim
2317 1675 2443 1711 mu-

170 1729 414 1783 lieribus
451 1730 569 1781 hoc
607 1729 946 1797 contingit,
995 1746 1144 1798 quae
1177 1736 1386 1780 natura
1415 1727 1534 1778 iam
1562 1744 1894 1795 propensae
1918 1739 2055 1780 sunt
2081 1729 2151 1780 ad
2177 1726 2444 1797 loquaci·

168 1799 343 1851 tatem
363 1838 379 1867 ,
419 1799 762 1869 nulliusque
791 1798 997 1850 arcani
1024 1813 1290 1867 capaces.
1373 1797 1534 1864 Ergo
1567 1812 1691 1864 non
1720 1797 1822 1848 abs
1849 1814 1914 1848 re
1947 1797 2099 1849 haec
2127 1798 2246 1850 tria
2270 1795 2446 1856 simul

172 1868 486 1921 coniuncta
514 1878 656 1922 sunt
683 1885 715 1921 a
740 1867 948 1934 Paulo,
988 1868 1178 1919 otium
1197 1905 1214 1935 ‚
1252 1864 1556 1919 curiositas
1573 1901 1591 1933 ,
1631 1873 1693 1916 et
1718 1865 2063 1943 garrulitas.

331 2016 426 2078 14.
492 2011 672 2078 Volo
709 2015 921 2098 igitur
958 2015 1262 2077 iuniores
1303 2011 1594 2087 nubere,
1648 2008 1902 2075 liberos
1988 1993 2254 2096 ignare,
2314 2010 2446 2073 clo-

168 2118 343 2160 mum
370 2098 893 2174 administrare,
950 2096 1204 2161 nullam
1234 2100 1659 2163 occasionem
1694 2096 1853 2158 dare
1883 2115 1917 2157 a
1970 2099 2309 2172 versario,
2369 2104 2446 2158 ut

169 2181 397 2247 habeat
438 2182 889 2247 maledicendi
929 2204 1217 2247 causam.
1334 2183 1432 2244 15.
1494 2179 1879 2242 Nonnullae
1918 2183 2098 2243 enim
2140 2183 2272 2241 iam
2304 2178 2449 2260 ‘de-

169 2264 499 2331 flexerun‘t
528 2281 682 2352 post
710 2267 1074 2331 satanam·
1142 2270 1236 2330 16.
1298 2263 1505 2348 Quod
1547 2267 1761 2347 siquis
1806 2261 2054 2340 fidelis,
2099 2277 2214 2327 aut
2254 2267 2445 2346 siqua

168 2348 372 2417 fidelis
408 2352 613 2415 habet
640 2353 914 2429 viduaS,
959 2351 1346 2439 suppeditet
1362 2350 1542 2427 illis,
1590 2362 1826 2438 etnon
1848 2362 2169 2414 oneretur
2199 2348 2446 2413 Eccle-

169 2440 294 2514 sia,
338 2452 412 2504 ut
444 2441 532 2502 iis
553 2483 574 2516 ,
615 2460 784 2523 quae
809 2460 970 2511 vere
998 2442 1237 2504 viduae
1266 2450 1460 2513 sunt,
1503 2437 1839 2522 suppetat.

299 2542 380 2609 14.
462 2555 600 2613 Volo
645 2556 904 2605 iuniores
943 2558 1168 2609 nubere.
1251 2554 1476 2607 Rident
1500 2555 1694 2614 nasuti
1721 2552 1991 2606 homin-es
2021 2554 2137 2605 hoc
2173 2552 2451 2620 Apostoli·

170 2635 573 2693 praeceptum.
660 2623 837 2692 Quasi
866 2641 1007 2674 vero
1040 2623 1364 2693 (inquiunt)
1399 2623 1600 2675 calcar
1630 2624 1960 2681 addendum
1991 2623 2072 2684 sit
2097 2621 2270 2673 nimis
2304 2620 2447 2672 cit-a·

169 2701 264 2743 tae
294 2710 498 2747 earum
525 2691 865 2760 cupiditati.
921 2692 1050 2763 quis
1085 2694 1236 2744 enirn
1265 2695 1451 2744 nescit
1481 2710 1684 2747 omnes
1715 2693 1847 2744 fere
1876 2693 2077 2744 viduas
2108 2700 2313 2758 sponte
2340 2705 2446 2741 nu·

170 2762 436 2828 pturire?
531 2762 943 2828 superstitiosi
990 2772 1188 2814 autem
1227 2762 1498 2814 homines
1539 2760 1877 2827 iudicarent
1923 2761 2077 2812 hanc
2117 2758 2450 2829 nuptialem

169 2829 494 2883 doctrinam
522 2829 752 2882 Chr-isti
781 2832 1064 2897 Apostolo
1094 2848 1304 2904 parum
1335 2847 1685 2907 congruere.
1758 2832 1974 2883 Verum
2018 2831 2287 2881 omnibus
2329 2825 2459 2879 rite*
2539 2884 2552 2904 ἱ

173 2901 428 2965 expensis
465 2908 786 2969 agnoscent
812 2898 936 2959 sani
963 2899 1268 2961 homines,
1309 2899 1556 2951 Paulum
1584 2898 1744 2950 nihil
1767 2898 1868 2949 hic
1898 2898 2014 2949 nisi
2043 2897 2456 2955 necessarium,

171 2974 226 3017 et
266 2964 524 3020 maxime
567 2968 827 3019 salutare
864 2969 1119 3019 tradere.
1194 2970 1344 3020 Nam
1387 2977 1447 3019 et
1488 2967 1745 3018 viduitas
1788 2967 1996 3018 multis
2032 2967 2279 3019 liberius
2311 2981 2447 3033 pro-

169 3035 461 3090 terviendi
501 3037 602 3089 dat
633 3036 1015 3103 facultatem,
1069 3046 1129 3088 et
1167 3038 1238 3090 ab
1279 3037 1471 3090 altera
1512 3046 1682 3104 parte
1708 3036 1957 3088 subinde
1988 3043 2301 3103 emergunt
2328 3033 2447 3102 spi-

171 3103 315 3156 ritus
370 3107 436 3156 in
490 3105 793 3173 hypocrisi
850 3106 1242 3171 mentientes,
1307 3106 1407 3174 qui
1459 3104 1921 3157 sanctimoniam
1966 3106 2343 3160 constituunt
2385 3101 2450 3152 in

173 3173 492 3242 caelibatu,
555 3174 725 3243 quasi
767 3174 1037 3243 angelica
1083 3185 1236 3226 esset
1276 3174 1604 3241 perfecti0,
1666 3173 2120 3227 matrimonium
2157 3189 2300 3224 ¹vero
2347 3180 2450 3222 aut

172 3239 442 3295 damnant
464 3244 526 3294 in
553 3253 783 3309 totum,
832 3251 937 3297 aut
970 3244 1377 3312 vilipendunt,
1430 3243 1574 3294 ac‘si
1600 3243 1802 3294 carnis*
1825 3243 2329 3313 inquinamentum
2357 3256 2446 3290 sa-

170 3321 355 3377 peret.
422 3313 624 3365 ⁴Pauci
665 3323 802 3365 sunt
838 3321 961 3364 tam
1001 3330 1069 3364 ex
1112 3311 1258 3365 viris
1299 3330 1475 3380 quam
1517 3312 1895 3374 mulieribus,
1936 3310 2048 3381 qui·
2073 3310 2447 3374 vocationem
2537 3362 2538 3365 ,
2593 3324 2596 3329 ·

168 3393 325 3431 suam
352 3383 694 3448 respiciant.
737 3383 1201 3451 quotusquisque
1229 3392 1318 3432 est
1344 3381 1636 3444 virorum,
1677 3381 1781 3450 qui
1818 3398 1964 3432 onus
1988 3380 2279 3448 regendae
2307 3393 2446 3430 uxo·
2510 3436 2514 3440 ,

169 3446 247 3497 ris
283 3447 540 3501 libenter
581 3450 899 3517 suscipiat?
952 3451 1088 3519 quia
1123 3449 1360 3501 scilicet
1394 3469 1487 3502 res
1522 3461 1609 3501 est
1644 3448 1987 3507 innumeris.
2010 3447 2300 3501 molestiis
2332 3445 2446 3497 im·

170 3514 395 3582 plicita.
469 3519 658 3587 Quam
699 3537 876 3588 aegre
902 3519 1121 3587 ,iugum
1162 3519 1320 3570 subit
1359 3520 1619 3571 mulier?
1695 3519 1907 3575 Paulus
1949 3535 2110 3585 ergov
2136 3533 2317 3586 quum
2356 3516 2446 3565 iu·

171 3584 363 3638 niores
400 3589 626 3639 nubere
665 3589 861 3652 iubet,
914 3606 1035 3639 non
1073 3588 1146 3639 ad
1183 3589 1513 3655 nuptialem
1553 3589 1845 3639 laetitiam
1889 3604 1987 3638 eas
2015 3586 2273 3636 invitat:
2335 3599 2447 3637 nec

171 3648 474 3721 hortatur,
529 3666 596 3707 ut
631 3656 1290 3727 libidiniindulgeant,
1345 3675 1530 3725 quum
1568 3657 1735 3708 iubet
1771 3673 1867 3708 eas
1908 3655 2126 3707 liberos
2164 3655 2447 3722 gignere:

171 3708 267 3771 sed
297 3724 432 3775 dum
463 3740 631 3776 sexus
660 3725 1074 3781 infirmitatem
1093 3735 1166 3776 -et
1192 3735 1446 3777 aetatem
1477 3726 1776 3776 lubricam
1805 3733 2073 3792 reputat,
2098 3746 2101 3751 ·
2122 3739 2216 3774 eas
2250 3722 2320 3772 ad
2351 3737 2445 3771 ca·

174 3796 321 3842 ntum
376 3793 722 3860 coniugium
774 3795 1087 3859 hortatur,
1153 3805 1213 3846 et
1258 3795 1437 3846 simul
1478 3797 1548 3845 ad
1589 3793 1892 3845 subeunda
1936 3792 2126 3844 sanct-i
2180 3787 2472 3859 coniugii»

172 3871 367 3912 onera.
454 3864 645 3936 Atque
673 3864 728 3914 id
759 3863 1112 3929 praesertim
1139 3862 1282 3914 facit
1309 3881 1382 3917 ne
1414 3862 1846 3919 contumeliosa
1877 3860 2150 3913 videatur
2180 3861 2452 3937 ipsarum
2499 3875 2506 3883 ¹

175 3927 412 3980 reiectio
445 3931 517 3982 ab
548 3932 752 3983 ordine
782 3933 1108 3984 viduarum.
1185 3931 1494 3999 Significat
1520 3932 1721 3999 enin-13
1757 3932 1959 3983 earum
1987 3931 2165 3981 vitam
2194 3945 2314 3988 non
2340 3925 2450 3985 mi-

172 4007 273 4045 nus
298 3998 425 4049 Deo
468 4000 932 4067 probatumiri,
982 4000 1030 4051 si
1067 4001 1449 4052 oeconomiae
1493 4002 1636 4052 dent
1672 4016 1939 4066 operam,
1988 4017 2165 4068 quam
2193 3998 2242 4050 si
2274 3997 2339 4049 in
2362 3993 2446 4045 vi-

175 4061 389 4116 duitate
433 4078 731 4121 maneant.
817 4071 896 4120 Et
937 4087 1076 4121 sane
1115 4072 1275 4120 Deus
1317 4069 1754 4136 superstitiosas
1793 4068 2102 4119 hominum
2145 4067 2449 4134 opiniones
2541 4064 2546 4067 ’

174 4131 317 4211 ΠίῙξὶΙ
359 4146 661 4190 moratur:
716 4138 815 4190 sed
853 4140 1009 4189 hano
1047 4138 1449 4192 obedientiam
1487 4138 1673 4206 pluris
1714 4137 1986 4191 aestimat
2021 4131 2448 4206 quam‘omnia,

178 4198 275 4279 ubl
307 4220 442 4256 suae
473 4206 766 4275 vocationi
796 4207 1185 4276 obsequimur
1212 4207 1661 4275 potiussquam
1702 4207 1846 4258 ferri
1885 4222 1993 4258 nos
2029 4206 2289 4258 sinamus
2318 4199 2443 4251 ani·

177 4281 254 4318 ¹111
295 4274 486 4324 nostri
524 4283 685 4328 voto.
788 4277 911 4326 Hac
936 4276 1345 4328 consolatione
1376 4275 1583 4327 audita
1610 4274 1764 4327 nihil
1798 4276 2018 4328 habent
2046 4289 2287 4335 causae,
2338 4284 2447 4319 cur

179 4352 618 4408 conquerantur
655 4346 761 4398 sibi
796 4344 928 4396 fieri
974 4345 1261 4396 iniuriam
1280 4383 1296 4412 ‚
1350 4354 1453 4399 aut
1476 4345 1726 4401 moleste
1752 4345 1949 4396 ferant
1977 4361 2037 4395 se
2065 4339 2298 4394 excludi
2328 4353 2445 4409 uno

181 4418 387 4471 genere
408 4409 676 4467 honoris.
757 4412 1022 4468 Audiunt
1052 4413 1244 4480 enim,
1287 4412 1353 4466 in
1379 4415 1503 4467 vita
1534 4413 1839 4483 coniugali
1865 4430 1986 4465 non
2011 4411 2203 4463 minus
2234 4405 2442 4474 sepla·
2529 4480 2532 4487 ⁴
