2820 4895
352 204 480 270 sse
1086 202 1200 266 m
1265 182 1902 272 ‘EmsTOLAE
1952 266 2005 271 Α-

1298 409 1359 479 C
1381 434 1437 493 Α
1456 428 1525 493 Ρ.
1586 407 1691 493 ιΙΙ.

363 569 418 635 1.
460 530 942 645 Quamobrem
978 577 1250 653 oportet
1271 585 1402 635 nos
1431 548 1642 653 magis
1679 565 2027 633 attendere
2061 568 2182 641 iis,
2223 548 2398 649 quae
2443 564 2652 629 audi-

327 652 616 731 vimus,
659 671 745 714 ne
778 648 1529 736 quando›diffluamus.‹.
1588 649 1650 713 2.
1696 650 1769 715 Si
1812 654 1992 716 enim
2033 653 2149 734 qui
2189 669 2317 734 per
2345 649 2657 734 Angelos

355 738 745 800 enuntiatus
790 747 935 800 erat
976 755 1234 812 sermo,
1300 733 1533 799 firmus
1574 735 1747 810 fnit,
1815 748 1882 798 et
1922 738 2143 798 omnis
2186 737 2657 820 transgressio

357 829 427 883 et
508 820 966 884 inobedientia
1005 848 1008 857 ·
1047 824 1295 884 iustam
1379 814 1641 908 accepit
1715 823 2191 905 repensionem
2267 817 2657 882 mercedis:

357 908 421 968 3.
481 903 845 985 Quomodo
896 908 1022 970 nos
1081 902 1484 990 effugiemus
1536 913 1721 987 tanta
1783 903 2087 987 neglecta
2138 901 2404 968 salute?
2475 906 2657 989 quae

356 1006 565 1070 quum
615 992 813 1053 initio
864 979 1216 1077 coepisset²
1245 992 1565 1071 enarrari
1587 1009 1710 1076 per
1754 987 2160 1066 Dominum,
2217 989 2298 1052 ab
2340 990 2477 1065 iis,
2537 991 2657 1070 qui

354 1066 739 1152 audierant,
800 1095 954 1163 erga
1014 1094 1140 1139 nos
1200 1075 1591 1152 confirmata
1636 1072 1802 1150 fuit,
1902 1076 1965 1136 4.
1994 1132 1997 1139 ,
2027 1071 2245 1137 Simul
2284 1085 2659 1141 attestante

350 1155 539 1236 Deo,
586 1162 797 1244 signis
827 1172 894 1223 et
918 1158 1248 1248 prodigiis
1280 1160 1737 1221 et'virtutibus
1770 1161 1973 1222 variis
2015 1170 2081 1220 et
2128 1155 2654 1239 distributioni-

353 1242 481 1306 bus
509 1242 807 1329 Spiritus
836 1247 1089 1322 sancti,
1132 1242 1503 1308 secundum
1541 1246 1684 1333 eius
1720 1241 2152 1327 voluntatem.

492 1373 554 1433 1.
619 1370 997 1441 Quamobrem
1042 1386 1283 1439 oportet.
1354 1370 1817 1437 Iam-declarat,
1854 1380 2138 1441 quorsum
2188 1371 2471 1425 hactenus
2516 1387 2653 1440 spe-

349 1442 632 1511 ctaverit,
690 1442 981 1496 Christum
1013 1457 1147 1495 cum
1174 1441 1407 1510 Angelis
1437 1442 1873 1511 comparando,
1917 1459 2126 1512 nempe
2165 1451 2232 1494 ut
2270 1445 2393 1495 eius
2426 1443 2655 1493 doctri·

354 1528 467 1564 nae
491 1514 780 1565 summam
814 1515 1230 1564 auctoritatem
1272 1521 1588 1579 comparet.
1664 1514 1817 1565 Nam
1852 1512 1899 1564 si
1930 1514 2083 1580 Lex,
2136 1528 2286 1582 quae
2325 1526 2433 1581 per
2458 1515 2655 1581 Ange·

349 1582 438 1634 los
469 1580 604 1634 data
633 1581 775 1649 tuit,
818 1599 935 1634 non
964 1583 1163 1635 debuit
1190 1582 1575 1649 contemptim
1605 1583 1815 1651 recipi,
1857 1590 1914 1633 et
1941 1584 2063 1634 eius
2090 1583 2476 1651 transgressio
2511 1598 2653 1651 gra-

349 1652 514 1704 vibus
543 1644 743 1720 poenis
780 1654 1006 1709 sancita
1038 1652 1184 1705 suite
1227 1653 1364 1721 quid
1404 1653 1663 1705 futurum
1705 1662 1820 1718 est,
1875 1654 2099 1722 inquit,
2151 1652 2455 1722 Evangelii
2501 1669 2653 1703 con-

348 1722 769 1792 temptoribus,
819 1724 975 1792 quod
1017 1731 1077 1774 et
1116 1721 1326 1774 Filium
1363 1722 1474 1773 Dei
1515 1721 1691 1775 habet
1732 1731 2064 1790 auctorem,
2116 1731 2176 1774 et
2218 1732 2307 1776 tot
2343 1723 2653 1775 miraculis

349 1792 470 1845 fuit
496 1792 944 1851 confirmatum?
1012 1794 1175 1847 Haec
1216 1798 1439 1845 summa
1481 1802 1598 1846 est:
1654 1794 1786 1861 Quo
1814 1794 2002 1844 maior
2029 1800 2117 1844 est
2142 1792 2360 1845 Christi
2394 1793 2651 1862 dignitas

353 1878 529 1932 quam
557 1862 936 1931 Angelorum,
993 1879 1062 1915 eo
1101 1863 1227 1932 plus
1262 1862 1621 1915 reverentiae
1662 1863 1861 1915 deberi
1898 1863 2213 1931 Evangelio
2256 1878 2436 1933 qnam
2471 1864 2643 1932 Legi.

349 1935 443 1986 Ita
469 1933 541 1984 ab
570 1934 825 1987 auctoris
857 1950 1107 2002 persona
1151 1934 1479 1985 doctrinam
1523 1934 1914 1985 commendat.
1986 1933 2045 1986 Si
2075 1934 2170 1986 cui
2201 1942 2396 1986 autem
2434 1933 2649 1985 videa-—

349 2011 448 2054 tur
475 2003 822 2073 absurdum,
861 2002 1036 2074 quu'm
1073 2012 1319 2073 utraque
1358 2004 1623 2056 doctrina
1658 2013 1778 2055 tam
1813 2003 1983 2070 Legis
2022 2018 2199 2072 quam
2230 2003 2539 2072 Evangeiii
2577 2018 2645 2055 ex

349 2074 478 2129 Deo
505 2075 610 2141 sit,
652 2074 897 2128 alteram
931 2075 1096 2129 alteri
1133 2074 1450 2144 praeferri,
1505 2073 1687 2143 quasi'
1708 2076 1859 2142 Lege
1894 2073 2227 2141 posthabita
2256 2075 2649 2126 imminuatur

348 2142 463 2198 Dei
490 2145 792 2198 maiestasz
832 2144 1132 2215 responsio
1156 2145 1350 2198 facilis
1378 2153 1498 2210 est,
1533 2148 1762 2213 semper
1788 2144 2021 2213 quidem
2051 2160 2237 2214 aeque
2265 2144 2640 2213 audiendum,

352 2214 580 2283 quoties
630 2215 915 2286 loquitur3
981 2231 1094 2286 quo
1134 2223 1334 2268 tamen
1377 2214 1606 2283 plenius
1648 2231 1709 2266 se
1747 2214 1915 2266 nobis
1954 2215 2351 2281 manifestat,
2389 2228 2641 2282 aequum

352 2301 509 2352 esse,
547 2293 614 2337 ut
640 2302 746 2354 pro
774 2286 947 2338 modo
972 2284 1343 2341 revelationis
1382 2285 1550 2337 simul
1594 2294 1820 2336 crescat
1857 2284 2034 2336 timor
2074 2297 2133 2337 et
2173 2284 2486 2337 obediendi
2528 2296 2648 2336 stu-

347 2355 707 2422 diumrnon
734 2356 889 2431 quod
916 2356 1073 2409 Deus
1097 2373 1157 2406 se
1184 2358 1309 2422 ipso
1340 2355 1635 2407 minorffsit
1670 2371 1786 2406 uno
1827 2363 2092 2424 tempore
2133 2371 2308 2423 quam
2350 2355 2505 2417 a-li03
2549 2353 2644 2407 sed

352 2425 492 2494 quia
556 2442 662 2479 nos
720 2428 844 2479 eius
904 2426 1373 2497 magnitudinem
1425 2442 1542 2477 non
1599 2425 1924 2495 aequaliter
1971 2441 2203 2494 semper
2252 2424 2647 2494 agnoscimus.

319 2496 622 2549 *Exoritur
654 2497 829 2550 etiam
868 2494 968 2549 hio
1006 2497 1301 2567 quaestio,
1358 2512 1556 2547 annon
1596 2496 1713 2551 Lex
1753 2496 1930 2547 etiam
1972 2496 2108 2547 data
2145 2496 2222 2550 sit
2260 2512 2364 2564 per
2405 2512 2640 2549 mentun

265 2622 278 2636 ,
354 2563 593 2618 Christi.
663 2566 831 2638 Quod
856 2567 904 2619 si
932 2566 1017 2620 ita
1044 2577 1160 2633 est,
1199 2567 1427 2619 videtur
1454 2566 1766 2617 absurdum
1790 2582 1913 2617 esse
1939 2566 2642 2635 argumentumApoatoli.

351 2636 729 2705 Respondeo,
765 2636 829 2689 in
852 2635 965 2688 hac
997 2637 1434 2706 comparatione
1467 2636 1672 2688 haberi
1709 2637 1999 2688 rationein
2034 2635 2177 2698 hinc
2220 2636 2528 2699 occultae,
2576 2635 2648 2685 il*

350 2705 473 2758 linc
520 2707 861 2760 manifestae
908 2708 1302 2768 revelationis„
1391 2708 1522 2759 Iam
1561 2722 1740 2777 quum
1780 2706 1843 2759 in
1892 2707 2043 2776 Lege
2091 2705 2334 2758 ferenda
2379 2705 2646 2757 Christus

350 2776 592 2829 obscure
630 2793 693 2829 ae
736 2785 795 2828 et
839 2779 1006 2848 quasi
1046 2778 1148 2830 sub
1189 2775 1502 2828 involucris
1542 2775 1955 2829 insinuaverit:
2013 2792 2129 2827 non
2174 2777 2387 2828 mirum
2430 2785 2556 2841 est,
2604 2776 2648 2827 si

301 2869 308 2882 =
349 2848 666 2914 praeterita
693 2847 815 2900 eius
838 2849 1135 2906 mentione
1163 2846 1394 2899 dicatur
1423 2864 1527 2915 per
1560 2846 1809 2915 Angelos
1844 2846 2054 2907 allata3
2096 2863 2289 2916 neque
2333 2843 2492 2898 enim
2537 2861 2648 2912 pa-

351 2917 472 2970 lam
497 2916 618 2970 illic
643 2920 934 2987 apparuit.
1003 2919 1077 2970 At
1103 2918 1325 2969 veroin
1353 2917 1665 2986 Evangelii·
1685 2916 2150 2985 promulgatione
2192 2918 2503 2984 conspicua
2532 2915 2648 2966 fuit

350 2989 480 3040 eius
500 2987 721 3055 gloria,
762 2995 825 3039 ut
864 2988 988 3042 iure
1025 2997 1333 3041 censeatur
1365 2988 1487 3041 eius
1507 2996 1737 3054 auctor.
1877 2989 1966 3039 Na
2005 2990 2234 3055 quando
2271 2987 2648 3054 diffluamus.

354 3057 418 3110 si
448 3057 666 3124 mavis,
714 3058 1239 3124 Praeterssuamus,
1289 3074 1442 3128 quan
1490 3071 1624 3109 uam
1654 3058 1716 3109 in
1754 3072 1822 3109 ea
1857 3072 1923 3107 re
1959 3061 2167 3123 parum
2210 3063 2296 3107 est
2332 3054 2645 3119 momenti,

315 3124 491 3197 '‘''qiiia
523 3145 592 3179 ex
617 3127 903 3182 antitheto
930 3144 1099 3181 verus
1134 3137 1336 3181 sensus
1372 3075 1570 3194 colligi
1599 3135 1807 3198 potest.
1879 3127 2031 3178 Nam
2063 3125 2356 3179 attendere
2385 3134 2448 3175 et
2475 3140 2645 3193 prae·

350 3199 629 3249 tei-fluere
656 3207 792 3250 sunt
812 3199 1075 3269 opposita
1094 3235 1111 3264 ,
1143 3199 1307 3266 prius
1337 3198 1632 3267 significat
1657 3196 1993 3260 continere,
2030 3195 2351 3246 secundum
2377 3209 2516 3247 vero
2547 3194 2645 3245 in-

352 3279 476 3320 star
508 3268 685 3320 cribri
715 3276 814 3323 aut
842 3269 1066 3340 pertusi
1098 3268 1240 3320 dolii
1264 3268 1598 3334 effundere,
1638 3266 1911 3337 quicquid
1942 3266 2219 3316 iniectum
2255 3273 2362 3316 est.
2436 3265 2648 3332 Neque

355 3339 511 3408 enim
552 3349 754 3393 eorum
793 3339 1133 3409 opinionem
1165 3340 1376 3407 probo,
1435 3339 1535 3407 qui
1581 3354 1684 3405 pro
1714 3338 1964 3388 Interire
2011 3335 2337 3402 accipiunt,
2390 3334 2648 3404 qualiter

356 3410 574 3462 dicitur
600 3408 837 3461 secundi
865 3408 1311 3463 Samuelisjibri
1343 3424 1470 3477 cap.
1498 3407 1581 3472 14,
1616 3408 1732 3459 14:
1787 3407 2006 3458 Omnes
2047 3406 2333 3473 perimus,
2374 3413 2436 3456 et
2478 3405 2649 3474 quasi

354 3496 506 3550 aqua
534 3477 862 3535 dilabimur.
931 3479 1129 3532 Potius
1168 3482 1257 3547 (ut
1297 3474 1441 3547 disti)
1482 3476 1902 3528 consideranda
1929 3483 2016 3527 est
2036 3474 2348 3526 antithesis
2376 3474 2531 3525 inter
2556 3490 2652 3524 re-

350 3549 677 3602 tentionem
708 3557 767 3601 et
792 3549 1202 3620 profusionem.
1254 3551 1407 3602 Nam
1437 3556 1662 3599 attenta
1690 3545 2081 3607 menssimilis
2107 3555 2194 3597 est
2219 3542 2335 3596 vasi
2365 3543 2517 3596 bene
2546 3542 2648 3595 ob·

355 3628 622 3682 structo,
649 3634 791 3690 vaga
822 3617 1018 3673 autem
1048 3627 1105 3671 et
1130 3619 1338 3687 ignava
1370 3618 1697 3689 perforato.

487 3706 544 3759 2:
575 3715 582 3721 '
613 3704 843 3757 Firmus
884 3705 1037 3772 suit.
1120 3704 1249 3757 Hoc
1287 3714 1414 3769 est,
1481 3701 1733 3755 obtinuit
1774 3697 1999 3770 pondus
2044 3715 2247 3766 suum,
2310 3697 2452 3768 quia
2489 3699 2651 3751 Deus

354 3771 533 3844 :fidem
569 3772 661 3825 “illi
698 3778 976 3839 asseruit,
1032 3774 1186 3842 quod
1240 3785 1332 3832 ex*
1362 3753 1761 3827 sanctionibus
1803 3769 2011 3821 melius
2047 3777 2248 3837 patet,
2295 3768 2435 3836 quia
2476 3784 2650 3820 nemo

352 3842 589 3911 impune
625 3844 981 3912 contempsit·
1001 3844 1235 3911 Legem.
1311 3843 1477 3915 Ergo*
1515 3843 1762 3894 firmitas
1797 3840 1943 3891 haec
1986 3840 2392 3891 auctoritatem
2435 3838 2653 3908 signifi-

355 3922 490 3979 cat,
534 3922 592 3964 et
628 3913 778 3981 quod
816 3912 888 3965 de
920 3914 1123 3983 poenis
1159 3914 1443 3980 additur,
1466 3912 1799 3983 expositive*
1823 3909 2070 3979 intelligi
2113 3909 2317 3972 debet,
2356 3909 2498 3977 quia
2541 3908 2651 3959 do-

354 3984 604 4038 ctrinam
650 3982 889 4058 minime
929 3984 1166 4040 inanem
1205 3986 1296 4037 vel
1336 3985 1570 4038 irritam
1609 3998 1728 4034 esse
1760 3979 2020 4047 constat,
2073 3981 2232 4033 cuius
2258 3980 2415 4032 Deus
2460 3978 2655 4029 vindi-

355 4070 481 4105 cem
517 4070 578 4105 se
605 4052 875 4104 ostendit.

487 4137 540 4191 3.
623 4137 810 4188 Tanta
852 4138 1119 4203 neglecta
1160 4139 1375 4191 salute.
1459 4138 1592 4194 Non
1628 4143 1860 4189 tantum
1898 4133 2198 4203 Evangelii
2234 4131 2512 4201 reiectio,
2550 4129 2653 4190 sed

353 4207 540 4261 etiam
568 4206 871 4278 neglectus
899 4205 1302 4274 gravissimam
1342 4219 1592 4274 poenam
1633 4216 1920 4271 meretur,
1960 4221 2171 4274 nempe
2208 4220 2316 4274 pro
2352 4204 2652 4272 magnitu-

358 4276 493 4329 dine
534 4276 793 4347 gratiae,
845 4292 996 4347 quae
1036 4275 1159 4329 illic
1200 4277 1463 4330 offertur.
1558 4275 1699 4328 Ideo
1740 4275 1914 4328 dicit:
1965 4275 2156 4327 Tanta
2198 4273 2408 4326 salute.
2494 4276 2653 4327 Deus

327 4349 511 4401 -anim
551 4347 702 4401 dona
739 4361 841 4400 sua
878 4345 1003 4400 vult
1026 4363 1063 4401 a
1085 4346 1254 4401 nobis
1291 4362 1402 4416 pro
1444 4344 1730 4420 dignitate
1771 4344 2103 4412 aestimari„
2168 4345 2323 4415 Ergo
2366 4361 2485 4415 quo
2520 4361 2654 4414 pre-
