2820 4895
375 259 504 325 ³46
883 224 886 233 ’
947 253 1072 318 m·
1109 254 1725 320 Ems'roLAE
1775 254 2103 325 eamn

377 428 559 482 modo
600 434 665 479 te
702 422 931 479 versari
966 432 1244 493 oporteat
1280 423 1350 477 in
1384 423 1562 477 domo
1587 422 1737 492 Dei,
1796 408 1948 495 q‘nae
1976 434 2071 477 est
2094 424 2365 479 Ecclesia
2389 422 2509 476 Dei
2530 425 2673 491 rivi,

379 498 661 551 columna
697 504 758 546 et
793 492 1241 565 firmamentum
1279 493 1563 547 veritatis.
1634 495 1820 546 Porro
1856 495 2023 547 locus
2060 495 2163 547 hic
2204 494 2440 546 abunde
2472 493 2673 560 docet,

371 567 612 625 nullum
629 580 776 615 xesse
818 561 1155 630 Presbyteri
1197 571 1257 612 et
1291 563 1573 630 Episcopi
1615 562 1971 630 discrimen,
2021 564 2357 632 quiannunc
2403 563 2670 614 secundo

377 634 628 687 nomine
669 632 1005 701 promiscue
1048 631 1339 699 appellat,
1387 648 1532 700 quos
1572 633 1738 698 prius
1774 633 2006 685 vocavit
2042 632 2446 699 Presbyteros.
2533 633 2670 683 Imo

377 704 538 755 idem
583 717 943 770 prosequens
980 707 1394 768 argumentum
1433 704 1750 769 utrumque
1775 717 1998 753 nomen
2022 700 2433 753 indifferenter
2458 701 2670 756 eodem

378 790 554 824 sensu
577 779 852 837 usurpat,
892 768 1385 837 quemadmodum
1410 778 1471 820 et
1496 769 1896 834 Hieronymus
1924 769 2194 821 tum·hoc
2224 769 2360 820 loco
2377 807 2395 835 ,
2450 778 2578 820 tum
2603 769 2667 819 in

379 841 630 910 epistola
657 841 727 891 ad
743 838 1065 905 Evagrium
1093 839 1415 889 annotavit.
1476 840 1668 906 Atque
1694 839 1830 895 hinc
1856 840 2193 907 perspicere
2221 839 2392 903 licet,
2436 847 2667 906 quanto

375 911 513 980 plus
555 908 814 960 delatum
854 907 1164 958 hominum
1204 906 1445 973 placitis
1487 906 1709 972 fuerit,
1749 925 1923 976 quam
1951 908 2236 972 decebat,
2272 910 2447 975 quia,
2490 908 2670 958 abro-

376 989 513 1052 gato
542 977 796 1046 Spiritus
824 975 1353 1039 sanctixsermone,
1391 993 1530 1027 usus
1565 976 1875 1028 hominum
1906 977 2152 1028 arbitrio
2178 977 2456 1027 inductus
2496 992 2667 1043 prae·

336 1078 344 1090 ·
378 1047 585 1101 valuit.
668 1045 816 1098 Mihi
854 1044 1096 1113 quidem
1135 1061 1255 1095 non
1296 1038 1601 1111 displicet,
1651 1047 1806 1114 quod
1841 1046 2041 1097 statim
2081 1046 2153 1096 ab
2196 1046 2502 1097 Ecclesiae
2543 1046 2666 1112 pri-

375 1115 623 1170 mordiis
667 1124 978 1182 receptum
1017 1111 1171 1177 fuit,
1221 1122 1286 1164 ut
1313 1113 1552 1180 singula
1578 1115 2010 1182 Episcoporum
2041 1114 2297 1181 collegia
2330 1131 2522 1166 unum
2558 1114 2668 1164 ali·

375 1185 553 1256 quein
594 1184 1031 1235 moderatorem
1074 1183 1368 1244 habeant;
1421 1199 1626 1235 verum
1662 1200 1884 1234 nomen
1922 1182 2146 1246 officii,
2198 1183 2356 1251 quod
2396 1184 2564 1236 Deus
2600 1182 2671 1232 in

375 1271 691 1307 commune
722 1251 993 1321 omnibus
1020 1251 1301 1314 dederat,
1340 1250 1401 1302 in
1432 1268 1619 1303 unum
1641 1252 1836 1303 solum
1869 1252 2208 1316 transferri,
2248 1250 2499 1319 reliquis
2532 1268 2666 1318 spp-

372 1324 594 1387 liatis,·
619 1331 679 1374 et
702 1321 994 1373 iniurium
1023 1328 1111 1372 est
1142 1330 1204 1371 et
1229 1319 1562 1371 absurdum.
1646 1322 1879 1373 Deinde
1909 1323 1997 1372 sic
2023 1330 2371 1387 pervertere
2406 1319 2666 1387 Spiritus

375 1393 566 1444 san'cti
592 1388 890 1459 linguam,
926 1397 995 1439 ut
1021 1388 1187 1440 nobis
1220 1388 1665 1442 eaedem-voces
1690 1389 1851 1441 aliud
1871 1427 1889 1454 ,
1927 1406 2102 1459 quam
2132 1388 2390 1441 voluerit
2410 1426 2428 1452 ,
2483 1389 2666 1456 signi-

371 1461 592 1516 ficent,
639 1454 810 1515 nimis
848 1457 1138 1524 profanae
1175 1457 1455 1509 audaciae
1496 1468 1604 1509 est.
1758 1459 1893 1509 Non
1919 1459 2334 1527 praefractum.
2414 1458 2546 1508 Hoc
2578 1456 2666 1506 vi-

373 1530 529 1584 tium
559 1528 628 1578 in
657 1527 958 1595 Episcopo
1001 1538 1120 1577 non
1160 1526 1265 1578 abs
1310 1543 1376 1577 re
1409 1526 1679 1591 damnat,
1728 1527 1898 1579 cuius
1929 1527 2341 1593 officimest,
2380 1542 2504 1575 non
2531 1535 2666 1581 tan-

373 1610 504 1651 tum
529 1596 782 1649 comiter
811 1613 945 1659 eos,
998 1596 1100 1663 qui
1128 1595 1287 1646 ultro
1317 1597 1638 1655 accedunt,
1696 1597 2001 1662 excipere,
2051 1596 2151 1648 sed
2183 1595 2362 1649 etiam
2390 1594 2665 1659 allicere,

349 1667 478 1736 qui
518 1665 996 1728 setsubducunt,
1044 1674 1109 1715 ut
1145 1680 1343 1714 omnes
1381 1663 1610 1732 pariter
1640 1662 1891 1716 Christo‘
1924 1665 2190 1716 adducat.
2271 1665 2451 1732 Atqui
2479 1657 2664 1714 αὐδά·-

375 1738 500 1791 ὃεια
543 1736 634 1801 (ut
675 1733 925 1801 quadam
965 1732 1037 1783 ad
1073 1733 1328 1785 Dionem
1373 1733 1626 1800 epistola
1670 1732 1866 1801 inquit
1907 1734 2101 1799 Plato)
2142 1734 2235 1800 τῆς
2273 1733 2508 1804 ἐρημίας
2545 1733 2665 1785 ἐστὶ
2718 1784 2719 1789 ,

374 1801 656 1868 ξύνοικος,
708 1803 822 1854 hoc
862 1809 980 1866 est,
1030 1802 1392 1869 pertinacia,
1439 1800 1581 1852 dum
1619 1801 1730 1853 sibi
1768 1801 2064 1870 quispiam
2100 1801 2352 1853 nimium
2392 1801 2664 1854 addictus

374 1884 493 1937 est,
543 1869 989 1922 contubernalis
1027 1879 1116 1921 est
1154 1870 1518 1926 solitudinis.
1601 1871 1866 1923 Societas
1897 1873 2056 1922 enim
2083 1880 2143 1921 et
2169 1870 2438 1922 amicitia
2470 1861 2663 1921 fo‘veri

373 1941 626 2010 nequit,
654 1939 756 1990 ubi
783 1938 1074 2008 quispiam
1101 1938 1182 1988 ita
1212 1939 1323 1990 sibi
1356 1940 1551 2006 placet
1570 1952 1591 2004 ,·
1637 1948 1705 1990 ut
1729 1939 1864 1992 aliis
1895 1939 2108 1995 cedere
2140 1956 2206 1990 ac
2235 1956 2297 1990 se
2326 1955 2663 1991 accommo-

375 2014 514 2064 dare
555 2016 790 2060 renuat.
863 2008 939 2058 Et
977 2015 1143 2058 certe
1184 2009 1376 2059 omnis
1413 2003 1689 2074 αὐθάδης,
1747 2009 1997 2060 simulac
2037 2025 2098 2060 se
2139 2010 2369 2060 occasio
2409 2007 2664 2073 dederit,

373 2078 580 2132 statim
607 2078 711 2129 fiet
740 2075 1167 2128 schismaticus.
1241 2077 1405 2128 Unde
1433 2086 1706 2146 apparet,
1743 2090 1918 2145 quam
1941 2076 2118 2128 noxia
2144 2077 2223 2128 sit
2249 2078 2435 2144 pestis
2453 2114 2471 2141 ,
2508 2093 2660 2145 quae

375 2147 633 2201 dissidiis
660 2145 997 2199 Ecclesiam
1034 2145 1279 2197 lacerat.
1366 2146 1522 2197 Huic
1552 2156 1749 2197 autem
1778 2147 1917 2196 vitio
1945 2144 2205 2217 primum
2233 2145 2550 2225 dociliqas,
2599 2155 2659 2196 et

373 2216 582 2273 deinde
611 2232 746 2284 erga
778 2224 977 2267 omncs
1005 2213 1255 2266 comitas
1283 2222 1343 2266 et
1370 2212 1660 2267 modestia
1687 2215 2038 2284 opponitur.
2121 2216 2327 2283 Neque
2357 2230 2521 2265 enim
2552 2231 2658 2266 un-

375 2302 554 2355 quam
588 2282 738 2337 bene
779 2284 1016 2335 docebit
1055 2283 1418 2349 Episcop‘us,
1476 2283 1578 2350 qui
1617 2301 1739 2334 non
1785 2293 2024 2351 paratus
2067 2283 2145 2335 sit
2188 2285 2365 2349 etiam
2408 2284 2657 2334 discere.

373 2355 731 2408 celebratur
765 2353 837 2403 ab
867 2353 1194 2420 Augustino
1226 2351 1509 2419 Cypriani
1546 2354 1872 2405 sententia:
1927 2355 2073 2404 Tam
2111 2351 2410 2419 patienter
2451 2353 2659 2415 discat,

373 2439 548 2494 quam
589 2423 850 2473 scienter
885 2421 1114 2472 doceat.
1196 2422 1431 2473 Deinde
1464 2438 1609 2489 opus
1636 2438 1809 2490 saepe
1839 2422 2059 2475 habent
2087 2421 2339 2479 consilio
2376 2431 2438 2474 et
2468 2420 2657 2473 moni·-

372 2491 639 2544 tionibus
692 2490 1004 2559 Episcopi3
1059 2490 1114 2541 si
1152 2500 1433 2541 recusent
1467 2492 1732 2556 moneri,
1779 2492 1832 2542 si
1872 2509 2012 2543 sana
2053 2492 2303 2544 consilia
2347 2499 2658 2561 respuant,

372 2562 614 2620 subinde
644 2577 778 2612 cum
806 2575 1018 2626 magna
1044 2560 1345 2610 Ecclesiae
1371 2560 1602 2611 iactura
1632 2560 1996 2627 praecipites
2026 2570 2222 2612 ruent.
2298 2559 2660 2612 Remedium

374 2645 518 2699 ergo
548 2628 644 2680 his
668 2628 987 2693 meliust,
1024 2643 1100 2677 ne
1126 2627 1237 2679 sibi
1264 2628 1516 2695 sapiant.
1570 2625 1924 2698 ’Φιλάγαθον
1949 2626 2185 2681 vertere
2215 2630 2401 2681 malui
2431 2630 2656 2680 studio-

373 2698 942 2762 sumbenignitatis,
982 2713 1164 2765 quam
1183 2714 1317 2749 cum
1345 2698 1643 2749 Erasmot.
1668 2699 1962 2750 bonarum
1989 2713 2208 2749 rerum.
2291 2699 2462 2754 Hanc
2492 2699 2659 2752 enim

370 2763 657 2820 virtutem
709 2782 846 2820 cum
890 2765 1305 2832 hospitalitate
1344 2767 1562 2818 Paulus
1586 2757 1898 2819 'avaritiae
1947 2777 2008 2818 et
2041 2767 2310 2819 sordibus
2348 2783 2658 2835 opponere

373 2836 632 2902 videtur.
740 2833 962 2886 Iustum
1013 2844 1217 2900 vocat,
1283 2835 1384 2903 qui
1436 2835 1789 2887 innocenter
1835 2843 2101 2888 versatur
2151 2825 2312 2887 inier
2358 2836 2655 2888 homines.

378 2906 686 2956 Sanctitas
724 2904 795 2955 ad
833 2905 1028 2956 Deum
1068 2914 1404 2973 respectum
1448 2904 1649 2966 habet.
1713 2906 1883 2962 »Nam
1926 2913 1986 2956 et
2016 2906 2181 2956 Plato
2226 2906 2340 2957 duo
2377 2906 2529 2957 haec
2572 2903 2661 2955 sic‘

416 2975 437 3030 i
473 2971 561 3026 tin'
599 2974 688 3025 uit·
785 3013 788 3016 .
1379 2989 1387 3004 ’

376 2975 416 3054 d
443 2991 467 3032 ὅ
511 2991 594 3094 9.g
647 3010 924 3093 T'ena'cem
952 3052 1065 3093 etc.
1138 3040 1303 3092 Haec
1336 3057 1476 3092 vero
1516 3042 1710 3107 prima
1748 3042 1853 3096 dos
1894 3051 1982 3093 est
2012 3041 2319 3109 Episcopi,
2413 3040 2474 3093 ui
2556 3058 2658 3092 ro-

371 3110 507 3179 prie
548 3110 791 3162 docendi
829 3127 1000 3162 causa
1039 3107 1311 3177 eligitur,
1363 3112 1591 3179 quando
1632 3110 1808 3162 aliter
1845 3112 1973 3180 regi
2010 3128 2130 3161 non
2170 3120 2365 3181 potest
2444 3058 2658 3162 cefesia

372 3181 553 3249 quam
589 3181 796 3230 Verbo.
873 3179 1127 3230 Fidelem
1168 3197 1482 3230 sermonem
1522 3188 1695 3231 vocat
1735 3193 1943 3246 puram
1981 3184 2042 3246 et
2075 3196 2179 3231 ore
2205 3181 2318 3232 Dei
2348 3179 2658 3247 proditam

374 3249 754 3306 doctrinam.'
803 3247 947 3299 Eius
975 3257 1246 3298 tenacem
1273 3248 1399 3298 vult
1425 3266 1548 3299 esse
1578 3249 1968 3316 Episcopum,
2014 3258 2083 3300 ut
2111 3265 2230 3300 non
2256 3250 2431 3299 modo
2466 3248 2658 3315 probe

370 3317 450 3370 sit
476 3316 817 3381 institutus,
874 3315 973 3367 sed
1012 3325 1379 3369 constantem
1418 3316 1482 3372 in
1521 3333 1588 3369 ea
1625 3319 1933 3370 asserenda
1964 3336 2024 3368 se
2057 3326 2242 3386 gerat.
2315 3318 2464 3370 Sunt
2493 3317 2656 3371 enim

375 3386 614 3455 quidam
636 3387 833 3451 beves,
881 3385 981 3451 qui
1010 3385 1187 3435 facile
1214 3384 1278 3435 in
1305 3386 1467 3436 varia
1499 3386 1800 3437 doctrinae
1829 3403 2047 3454 genera
2072 3386 2310 3437 traduci
2328 3403 2390 3437 se
2418 3387 2652 3445 sinunt3
2708 3423 2713 3434 f

372 3455 477 3506 alii
507 3454 600 3510 vel
628 3462 791 3505 metu
821 3454 1218 3519 franguntur,
1270 3454 1362 3504 vel
1392 3464 1708 3506 moventur
1731 3454 1843 3505 alia
1875 3457 2220 3520 occasione,
2271 3464 2338 3506 ut
2374 3453 2657 3507 veritatis

373 3516 782 3593 patrocinium
813 3523 1109 3573 deserant.
1157 3522 1529 3591 'Eositaque
1558 3523 1703 3592 eligi
1732 3524 1945 3576 Paulus
1969 3523 2158 3588 iubet,
2205 3523 2305 3594 qui
2333 3524 2655 3575 veritatem

220 3621 238 3629 ν
282 3657 286 3663 ¹
373 3592 492 3643 Dei
537 3603 785 3659 utroque
825 3590 1070 3642 brachio
1112 3591 1367 3656 amplexi
1421 3602 1478 3643 et
1530 3593 1828 3658 mordicus
1879 3602 2150 3644 tenentes
2199 3589 2657 3660 nunquam⁴sibi

376 3659 577 3712 excuti
608 3661 933 3730 patiantur,
971 3669 1073 3710 aut
1099 3660 1169 3711 ab
1195 3676 1260 3709 ea
1287 3660 1488 3711 divelli
1521 3662 1760 3727 possint.
1829 3662 1905 3712 Et
1933 3670 2095 3711 certe
2123 3660 2439 3727 nihil-illa,
2478 3675 2655 3729 quam

374 3728 538 3791 dixi,
591 3728 836 3780 levitate
876 3728 1270 3795 periculosius
1319 3739 1436 3793 est,
1493 3725 1592 3782 uhi
1626 3729 1742 3779 fixo
1778 3732 1926 3798 pede
1961 3746 2082 3781 non
2108 3730 2321 3780 haeret
2349 3730 2560 3781 Pastor
2589 3726 2658 3777 in

376 3814 447 3849 ea
478 3797 781 3861 doctrina,
823 3798 989 3849 cuius
1019 3797 1280 3847 invictus
1309 3807 1571 3849 assertor
1601 3815 1729 3850 esse
1752 3799 2062 3850 debuerat.
2142 3802 2210 3849 In
2240 3815 2500 3863 summa,
2536 3812 2658 3847 non

373 3875 613 3918 tantum
639 3865 970 3933 requiritur
998 3865 1058 3915 in
1087 3868 1331 3917 Pastore
1363 3867 1622 3919 eruditio
1641 3905 1656 3929 ,
1697 3867 1796 3918 sed
1826 3867 1946 3918 tale
1977 3868 2289 3919 doctrinae
2317 3884 2504 3931 purae
2532 3875 2658 3917 stu-

375 3932 574 3998 dium,
626 3942 691 3985 ut
718 3935 792 3986 ab
823 3951 891 3985 ea
921 3952 1224 4001 nunquam
1256 3936 1537 3987 discedat.
1615 3936 1728 3988 Sed
1755 3936 1898 4003 quid
1926 3936 2036 3987 sibi
2066 3936 2191 3989 vult
2217 3937 2528 3987 secundum
2557 3936 2659 3984 do-

378 4003 678 4052 ctrinam?
726 4019 938 4069 nempe
977 4003 1081 4071 qui
1116 4002 1182 4053 in
1219 4004 1516 4055 Ecclesiae
1556 4003 2030 4055 aedificationem
2069 4004 2149 4055 sit
2186 4004 2373 4054 utilis.
2475 4002 2660 4071 Quic-

376 4069 519 4138 quid
559 4070 719 4120 enim
757 4070 923 4121 nullo
961 4088 1097 4121 cum
1138 4073 1375 4137 pietatis
1420 4073 1624 4125 fructu
1661 4073 1918 4125 discitur
1959 4090 2027 4123 ac
2067 4074 2284 4135 scitur,
2322 4072 2658 4123 Doctrinae

376 4129 616 4189 nomine
658 4153 898 4190 censere
924 4140 1137 4188 Paulus
1178 4157 1297 4193 non
1336 4142 1522 4203 solet3
1570 4139 1713 4209 quin
1743 4142 1938 4209 potius
1967 4140 2407 4207 speculationes
2436 4156 2661 4203 omnes,

376 4223 528 4276 quae
555 4207 708 4257 nihil
735 4207 1009 4270 utilitatis
1037 4208 1325 4276 afferunt,
1353 4211 1698 4280 ‚quamnbet
1730 4208 1953 4279 alioqui
1984 4212 2102 4261 sint
2133 4218 2375 4274 acutae,
2427 4209 2661 4259 vanita-

374 4277 454 4327 tis
481 4274 758 4339 damnat.
855 4274 950 4325 Sic
990 4292 1059 4326 ac
1101 4278 1269 4330 Rom.
1296 4297 1427 4347 cap.
1459 4280 1544 4342 12,
1571 4280 1663 4330 7.=
1727 4279 1846 4347 Qui
1884 4279 2088 4345 docet,
2137 4279 2196 4329 id
2232 4276 2423 4328 faciat
2460 4278 2524 4328 in
2558 4273 2683 4327 do··

376 4343 602 4410 ctrina,
650 4343 767 4395 hoc
793 4353 912 4408 est,
948 4343 1223 4411 prodesse
1252 4348 1625 4402 auditoribus
1652 4348 1906 4399 studeat.
1988 4347 2353 4412 Infsumma,
2391 4346 2510 4398 hoc
2541 4344 2659 4411 pri·

375 4429 537 4467 mum
565 4420 688 4479 est,
705 4439 708 4448 ν
727 4422 802 4466 .ut
830 4429 1008 4467 sanae
1037 4412 1345 4470 doctrinae
1373 4415 1618 4473 scient-ia
1651 4415 1981 4470 instructus
2005 4418 2083 4470 sit
2109 4417 2351 4478 Pastor;
2405 4414 2660 4467 alterum
