2820 4895
691 269 832 341 an
890 230 1817 338 EPHEslos'CnAV.
2088 343 2100 357 ,
2270 274 2404 385 ‚141

153 440 291 513 perio
315 437 620 497 Ecclesiam
642 445 899 508 regeret.
954 439 1275 490 ·Hactenus
1316 452 1438 488 non
1475 444 1603 503 est,
1657 418 1763 490 eiu·
1794 422 2038 492 obiiciat
2070 439 2405 511 qnisquam,

152 513 357 567 Paulum
395 511 503 560 hoc
544 512 872 562 testimonio
909 509 1154 576 abusum
1199 524 1323 559 esse
1363 517 1596 575 praeter
1640 506 1894 560 'mentem
1940 509 2200 565 navidis·
2266 525 2404 563 nam
2479 515 2483 520 ’

155 599 307 653 quum
331 580 508 637 David
537 581 596 630 in
623 589 903 649 perpetuo
918 579 1218 631 Ecclesiae
1245 586 1396 629 statu
1424 578 1533 629 Dei
1563 577 1810 646 gloriam
1845 580 2201 633 consideret:
2244 582 2408 634 nulla

154 664 288 704 certe
311 652 619 719 reperietur
644 651 820 719 magis
847 648 1210 719 triumphalis
1241 657 1299 698 et
1314 650 1701 699 <memoranda
1733 651 1844 701 Dei
1877 653 2137 713 ascensio
2156 688 2173 715 ,
2225 668 2406 720 quam

156 739 245 792 qua
272 722 510 772 sublatus
543 729 628 770 est
661 720 918 775 Christus
949 720 1020 772 ad
1053 718 1242 770 Patris
1275 718 1568 769 dexteram
1641 728 1707 771 ut
1735 721 1845 771 sibi
1879 736 2074 772 omnes
2108 722 2406 790 principa-

154 802 230 843 tus
253 792 301 841 et
327 790 734 843 dominationes
762 791 1099 852 subiiceret,
1139 798 1314 857 atque
1340 791 1424 840 ita
1454 757 1622 839 fiel-eit
1651 797 1921 845 aeternus
1941 788 2236 843 Ecclesiae
2264 810 2407 846 suat

157 861 330 913 vindex
371 873 427 913 et
466 870 674 915 custos.
829 861 1125 926 Captivam
1172 856 1357 911 duxit.
1448 859 1767 927 Captivitas
1799 861 1895 912 hic
1925 878 2130 913 nomen
2161 872 2247 914 est
2287 864 2408 916 col-

125 926 416 998 'lectivum‚
457 949 562 1000 pro
592 930 854 984 hostibus
884 929 1145 999 captivis.
1189 927 1488 996 significat
1514 945 1648 999 ergo
1678 932 2041 1000 simpliciter,
2082 935 2234 1002 quod
2250 936 2410 988 Dent

159 1004 206 1053 in
242 1012 770 1072 suam·potestatem
804 1001 995 1053 hostes
1040 999 1330 1068 redegerit
1348 996 1379 1053 :⁸
1412 1000 1567 1068 quod
1591 1001 1817 1068 plenius
1847 1004 1906 1054 in
1937 1002 2167 1055 Christo
2197 1005 2408 1073 imple-

162 1083 256 1125 tum
291 1083 395 1137 est,
452 1072 807 1143 quamalias
846 1084 1113 1142 unquam.
1166 1086 1356 1138 neque
1399 1070 1556 1121 enim
1587 1072 1864 1124 Satanam
1906 1074 2077 1124 modo
2115 1084 2173 1124 et
2198 1092 2410 1143 pecca·-

165 1152 257 1195 tum
290 1154 341 1194 et
364 1154 623 1193 mortem
642 1176 665 1207 ,ν
709 1153 975 1213 totosque
1001 1139 1223 1192 inferos
1258 1143 1597 1208 prostravit:
1647 1144 1755 1194 sed
1776 1160 1845 1194 ex
1872 1143 2185 1197 rebellibus
2216 1148 2410 1216 quoti-

174 1215 238 1269 die
258 1213 384 1266 facit
409 1212 968 1285 sibi-obsequentem
1003 1211 1277 1280 populum
1300 1247 1317 1274 ,
1364 1228 1536 1279 quum
1571 1213 1760 1266 Verbo
1798 1230 1901 1265 suo
1947 1216 2137 1267 carnis
2172 1228 2409 1290 nostrae

173 1284 410 1337 lasciviam
454 1285 685 1336 domat:
743 1299 940 1334 rursus
977 1283 1165 1333 hostes
1208 1297 1374 1346 suos,
1429 1281 1543 1333 hoc
1584 1295 1667 1335 est
1705 1286 1911 1352 impios
1950 1296 2183 1351 omnes,
2245 1289 2411 1357 quasi

176 1355 322 1405 ferreis
362 1355 589 1405 catenis
629 1363 791 1404 tenet
832 1352 1209 1416 constrictos,
1274 1353 1413 1403 dum
1456 1352 1690 1407 illorum
1726 1355 1987 1417 furorem
2032 1356 2263 1409 cohibet
2303 1376 2411 1412 sua

175 1424 362 1488 virtute,
414 1426 489 1476 ne
535 1422 663 1490 plus
707 1425 935 1476 valeant
976 1440 1150 1491 quam
1195 1421 1313 1472 illis
1356 1423 1646 1476 concedit.
1742 1428 1945 1495 Verum
1970 1429 2123 1497 quod
2146 1431 2410 1497 proxime

169 1497 411 1564 sequitur,
460 1495 595 1563 plus
636 1489 938 1563 aliquanto
979 1494 1153 1563 habet
1195 1492 1584 1561 difficultatis.
1635 1510 1773 1550 nam
1800 1506 1978 1566 quum
2012 1497 2225 1551 habeat
2251 1501 2412 1569 Psal-

166 1580 289 1630 mis,
309 1614 314 1618 .
333 1555 529 1618 Deum*
555 1567 848 1632 accepisse
878 1563 1062 1617 dona:
1112 1562 1322 1614 Paulus
1351 1581 1381 1613 e
1414 1580 1695 1616 converso
1725 1566 1906 1617 refert
1935 1572 2184 1637 dedisse,
2236 1580 2411 1643 atquo

161 1634 225 1685 ita
257 1636 609 1687 contrarium
654 1649 879 1688 sensum
916 1634 1162 1686 reddere
1197 1632 1440 1684 videtur.
1516 1634 1627 1686 Sed
1656 1635 1715 1686 in
1746 1636 1857 1687 hoc
1885 1653 2115 1708 quoque
2145 1618 2290 1693 nihil
2320 1651 2414 1697 est
2451 1626 2501 1699 ‚⁰

163 1703 387 1756 absurdi:
448 1705 592 1774 quia
631 1719 744 1756 non
787 1705 936 1756 solet
974 1702 1183 1757 Paulus
1229 1703 1476 1755 recitare
1509 1705 1727 1768 yerha,
1782 1708 2006 1775 quoties
2048 1709 2413 1781 scripturam

162 1774 301 1841 citat,
332 1773 429 1827 sed
457 1775 984 1835 contentusxlocum
1022 1772 1303 1824 indicasse
1340 1780 1464 1826 rem
1492 1776 1678 1841 potius
1708 1778 1886 1843 ipsam
1914 1780 2190 1847 sequitur.
2270 1783 2415 1833 Ger-

160 1851 259 1896 tum
301 1853 380 1895 est
416 1853 651 1907 autem,
702 1847 892 1897 Deum
924 1861 1040 1897 non
1069 1845 1177 1911 ipsi
1209 1844 1351 1909 sibi,
1406 1845 1505 1895 sed
1539 1847 1752 1913 populo
1785 1861 1885 1898 suo
1916 1850 2066 1899 dona
2099 1854 2416 1923 accepisse,

163 1915 217 1966 de
239 1916 430 1984 quibus
459 1914 734 1967 meminit
759 1915 964 1968 David.
1024 1911 1176 1964 unde
1211 1924 1267 1966 et
1296 1915 1470 1982 paulo
1498 1924 1633 1987 ante
1660 1916 1879 1969 dictum
1903 1918 2039 1969 “erat
2065 1920 2131 1977 ,in
2163 1923 2413 1990 Psalmo&
2476 1948 2480 1953 ·

138 1984 433 2044 *distributa
461 2002 589 2036 esse
617 1984 803 2052 spolia
825 1986 978 2043 inter
1004 1983 1257 2034 familias
1283 1986 1483 2037 Israel.
1568 1986 1722 2053 Ergo
1753 2005 1929 2058 quum
1955 1989 2055 2041 hic
2080 1993 2416 2060 accipiendi

160 2055 305 2107 fuerit
330 2055 557 2106 finis-ut
584 2055 781 2122 daret,
820 2075 852 2108 a
882 2071 945 2106 re
972 2054 1097 2122 ipsa
1126 2054 1366 2108 minime
1397 2055 1661 2108 discessit
1684 2059 1919 2124 Paulus,
1961 2056 2255 2132 utdunque
2289 2081 2418 2115 verz

161 2126 274 2178 bum
314 2123 658 2176 mutaverit.
754 2127 1104 2195 Quanquam
1148 2140 1255 2192 ego
1296 2125 1357 2176 in
1398 2126 1682 2198 diversam
1724 2131 2067 2182 sententiam
2103 2134 2418 2203 magis³in=

163 2195 322 2259 cliuo,
371 2193 793 2257 Paulumdata
839 2212 1017 2264 opera
1060 2196 1297 2265 verbum
1331 2205 1613 2262 mutasse,
1666 2214 1775 2250 nec
1803 2200 2107 2254 adduxisse
2140 2212 2417 2274 tanquam

164 2281 217 2316 ex
240 2264 455 2329 Psalmo
495 2274 820 2332 sumptum:
867 2265 969 2319 sed
1010 2267 1221 2331 potius-
1243 2279 1312 2315 ex
1351 2283 1426 2317 se
1448 2267 1575 2333 ipso
1607 2268 1916 2335 protulisse
1935 2271 2099 2340 quod
2128 2277 2418 2340 praesenti

163 2335 419 2387 instituto*
444 2344 646 2405 aptum
687 2343 830 2389 erat.
914 2330 1269 2404 Quum'ergo
1298 2334 1368 2386 de
1402 2336 1611 2391 Christi
1643 2338 2208 2411 exaltationepauca
2240 2346 2420 2399 verba

163 2404 347 2458 Psalmi
386 2406 657 2472 citasset,
708 2405 781 2457 de
808 2422 908 2457 suo
939 2406 1185 2473 adiecit,
1231 2421 1364 2457 eum
1398 2406 1621 2459 dedisse
1657 2406 1841 2477 dona,
1892 2421 1952 2463 ut
1981 2414 2057 2464 sit
2085 2415 2421 2486 minoris’et

163 2476 368 2538 maioris
407 2476 799 2542 comparatius
845 2493 959 2545 qua
992 2477 1308 2527 ostendere
1347 2477 1467 2529 vult
1491 2478 1731 2542 Paulus,
1782 2491 2000 2548 quanto
2027 2489 2422 2551 praestantior

164 2548 223 2597 sit
248 2546 351 2598 ista
378 2548 490 2599 Dei
528 2548 784 2599 ascensio
810 2546 874 2596 in
905 2546 1118 2598 Christi
1149 2563 1427 2614 persona,
1476 2563 1651 2616 quam
1684 2549 1862 2618 fuerit
1896 2554 1957 2604 in
1987 2556 2275 2608 veteribus
2304 2560 2419 2609 Ec-

152 2616 343 2668 falesiae
365 2616 698 2683 triumphis.
733 2627 950 2685 quanto
977 2618 1201 2668 scilicet
1230 2618 1749 2686 excellentius‘est,
1786 2622 2067 2677 victorem
2095 2625 2423 2679 liberaliter

166 2689 325 2738 omnia
352 2687 622 2740 omnibus
654 2686 887 2754 largiri,
929 2703 1163 2755 quama
1191 2686 1352 2739 victis
1382 2687 1568 2755 spolia
1601 2688 1898 2757 colligere.
1968 2696 2138 2765 Quod
2179 2696 2282 2748 alii
2326 2711 2424 2750 ex—

163 2766 391 2824 ponunt,
435 2757 722 2822 Christum
750 2773 784 2806 a
809 2758 983 2808 Patre
1013 2758 1299 2823 accepisse
1331 2774 1482 2828 quae
1510 2759 1676 2811 nobis
1708 2761 2106 2832 distribueret,
2149 2776 2422 2832 coactum

165 2834 269 2893 est,
304 2836 360 2878 et
387 2845 626 2896 prorsus
657 2826 911 2877 alienum
942 2846 973 2877 a
1000 2827 1318 2895 proposit-o.
1390 2826 1562 2884 Nulla
1582 2867 1598 2893 ‚
1638 2846 1769 2882 meo
1798 2832 2051 2898 iudicio,
2086 2840 2270 2905 magis
2293 2854 2426 2902 ger-

165 2911 312 2947 mana
344 2898 556 2949 solutio
587 2906 673 2948 est
702 2912 875 2964 quam
900 2896 1034 2949 illa:
1085 2898 1240 2965 quod
1274 2896 1405 2948 loco
1432 2899 1647 2950 Psalmi
1683 2901 1938 2953 breviter
1974 2904 2235 2962 indicato
2274 2909 2426 2960 Pau·-

164 2963 238 3028 las
263 2965 365 3020 sibi
397 2969 583 3019 libere
611 2967 942 3036 permiserit
969 2966 1214 3033 addere,
1255 2968 1409 3037 quod
1434 2969 1495 3018 in
1524 2970 1752 3022 Psalmo
1780 2989 1899 3024 non
1930 2973 2212 3043 habetur,
2254 2978 2425 3030 Chri-

166 3044 240 3086 sto
278 3045 471 3089 tamen
517 3037 730 3107 alioqui
777 3037 1077 3089 convenite
1134 3039 1254 3089 imo
1297 3039 1357 3088 in
1397 3054 1513 3108 quo
1553 3040 1787 3092 excellit
1822 3059 1891 3093 ac
1922 3046 2311 3111 praeferenda
2335 3058 2429 3102 oa·

170 3104 365 3158 Christi
396 3108 653 3159 ascensio
687 3108 976 3159 veteribus
1003 3107 1120 3159 illis
1143 3108 1251 3164 Dei
1280 3108 1502 3174 gloriis,
1544 3120 1687 3176 quas
1715 3111 1902 3164 David
1932 3128 2214 3170 recenset.

285 3176 336 3227 9.
378 3177 577 3229 ‘Illud
627 3184 821 3229 autem
861 3180 1141 3229 Ascendit.
1233 3178 1487 3229 Rursum
1537 3178 1637 3230 hic
1687 3182 1926 3237 Paulum
1980 3188 2280 3255 exagitant
2319 3204 2431 3240 ‘ca-

169 3240 554 3311 lumniatores,
617 3245 771 3315 quod
815 3245 1026 3298 frivola
1073 3256 1130 3297 et
1179 3243 1387 3314 puerili
1432 3250 1793 3318 argutatione
1834 3256 1906 3306 ad
1952 3256 2169 3309 realem
2212 3258 2464 3312 Christ!

129 3322 135 3329 ‘
171 3329 451 3367 ascensum
494 3315 727 3368 trahere
767 3325 1031 3381 conetur,
1081 3318 1230 3385 quod
1263 3317 1331 3369 de
1357 3315 1745 3373 illustratione
1771 3323 2005 3377 divinae
2031 3329 2252 3397 gloriae
2280 3322 2433 3397 figu-

171 3393 279 3436 rate
304 3388 515 3439 dictum
546 3395 650 3439 est.
726 3387 870 3455 Quis
901 3388 1053 3439 enim
1078 3387 1341 3456 ignorat,
1376 3390 1684 3459 inquiunt,
1725 3393 1787 3444 in
1817 3398 1987 3448 verbo
2014 3399 2280 3450 Ascendit
2305 3412 2438 3450 esso
2473 3401 2476 3408 '

173 3454 587 3523 metaphoram?
638 3454 864 3526 nullum
890 3455 1024 3526 erg'o
1049 3457 1270 3524 pondus
1298 3457 1477 3511 habet
1508 3460 1658 3529 quod
1685 3463 1894 3531 infert,
1933 3467 2436 3535 oportuisse-prius

175 3525 507 3578 descendere.
587 3521 964 3592 Respondeo,
1008 3544 1125 3578 non
1159 3528 1257 3579 hic
1299 3532 1648 3583 contendere
1686 3549 1849 3585 more
1892 3536 2254 3600 dialectice„
2290 3536 2433 3607 quid

175 3597 479 3645 necessario
509 3609 577 3645 ex
602 3589 1134 3663 Prophetae'v‘erbis
1162 3610 1471 3667 sequatur,
1518 3602 1605 3653 vel
1634 3603 1844 3655 inferri
1874 3620 2065 3676 queat.
2150 3607 2432 3671 Noverat,

176 3664 548 3730 metaphorice
579 3666 865 3732 Davidem
903 3667 973 3718 de
1008 3668 1369 3721 exaltatione·
1400 3669 1513 3723 Dei
1553 3672 1873 3742 loquutum.
1918 3677 2032 3729 secl'
2056 3678 2191 3745 quia
2233 3693 2434 3729 rursus
2491 3709 2496 3728 .2

177 3736 352 3797 negari
396 3751 510 3785 non
538 3744 768 3801 potest,
828 3737 966 3804 quin
992 3740 1179 3795 Deum
1221 3739 1293 3790 ad
1331 3750 1574 3808 tempus,
1599 3743 2019 3812 quodammodo
2060 3747 2433 3800 humiliatum
2499 3755 2503 3762 '

179 3798 339 3853 fuisse
385 3808 650 3872 innuat,⁴
687 3805 795 3873 qui'
825 3822 958 3860 eum
997 3808 1297 3871 praedicat
1334 3810 1511 3862 fuisse
1552 3813 1911 3869 exaltatum:
1972 3818 2180 3871 merito
2223 3818 2433 3871 Paulus
2524 3816 2533 3826 ’

181 3870 323 3935 prius
358 3871 497 3925 illud
538 3890 606 3924 ex
650 3872 763 3924 hoc
801 3876 1053 3927 secundo
1100 3877 1337 3947 colligit.
1420 3882 1546 3933 Iam
1576 3898 1714 3933 vero
1748 3888 1875 3954 quis
1907 3904 2160 3958 unquam
2184 3887 2456 3939 inferior

184 3938 284 3989 Dei
319 3941 426 3994 fuit
470 3944 807 4007 descensus,
847 3960 1014 4015 quarn
1036 3945 1180 3999 dum
1217 3949 1473 4001 Christus
1503 3966 1563 4001 se
1592 3951 1782 4018 ipsum
1811 3958 2160 4009 exinanivit?
2209 3974 2349 4026 ergo
2384 3960 2437 4011 si

187 4021 413 4076 unquam
454 4030 514 4065 se
554 4014 860 4082 magnifice
897 4016 1102 4068 extulit
1135 4019 1326 4086 Deus,
1379 4028 1687 4089 postquam
1729 4027 1876 4077 visus
1920 4029 2116 4081 fuerat
2152 4027 2437 4096 inglorius

186 4074 432 4136 iacuisse:
480 4080 540 4133 id
579 4084 886 4153 praecipue
924 4085 1143 4138 facturn
1182 4099 1298 4154 est,
1347 4106 1521 4157 quum
1548 4090 1809 4146 Ch'ristus
1843 4114 1912 4147 ex
1944 4093 2146 4150 infima
2179 4096 2294 4148 hac
2328 4112 2438 4148 no-

192 4158 297 4198 stra
333 4151 660 4205 conditione
701 4155 761 4205 in
801 4154 1114 4208 coelestem
1154 4159 1401 4225 gloriam
1441 4171 1706 4229 receptus
1742 4175 1843 4220 est.
1898 4167 2144 4239 denique
2182 4183 2299 4218 non
2337 4167 2440 4221 hie

194 4219 490 4284 quaerenda
534 4231 616 4273 est
654 4223 990 4291 scrupulose
1023 4226 1265 4296 literalis
1297 4228 1507 4281 Psalmi
1544 4232 1857 4300 expositio,
1900 4255 2074 4307 quum
2103 4247 2331 4289 tantum
2363 4236 2442 4290 ad

193 4285 484 4356 Prophetae
509 4294 682 4344 verba
712 4293 932 4345 alludat
957 4297 1167 4349 Paulus
1188 4336 1203 4361 ,
1265 4298 1516 4367 qualiter
1539 4302 1714 4353 etiam
1736 4304 1930 4356 locum
1963 4309 2144 4360 Mosis
2173 4307 2243 4357 ad
2269 4323 2441 4359 suum

196 4352 494 4412 institutum
533 4362 796 4415 deflectit
820 4367 1001 4418 Rom.
1032 4383 1157 4434 cap.
1187 4369 1270 4438 lo,
1301 4368 1353 4426 6,
1441 4371 1861 4439 Praeterquam
1894 4386 2086 4440 autem
2112 4377 2264 4448 quod
2290 4378 2454 4432 nihil.

200 4428 295 4477 nisi
323 4433 545 4500 proprie
571 4444 632 4486 et
658 4437 1072 4493 convenienter
1093 4438 1498 4492 accommodat
1521 4439 1727 4496 Paulus
1752 4443 1827 4497 ad
1858 4446 2073 4499 Christi
2098 4463 2441 4516 personans
2525 4461 2528 4470 ·

1405 4605 1422 4630 N
