2820 4895
1881 127 1897 177 ἱ.

351 213 554 332 isc
826 330 829 339 ,
1131 259 1247 341 ιιι
1315 206 1953 347 ,ΕιιιεΤοιΑῘΕ
2134 314 2141 315 f
2396 270 2471 321 -ἱ

402 433 642 500 ficium,
689 431 850 503 quod
876 428 1080 484 offerri
1106 429 1377 501 quotidie
1403 431 1536 484 Deo
1562 429 1830 500 fingunt,
1883 446 2011 484 esse
2030 429 2453 486 incruentum.
2540 432 2678 497 Nam

404 503 458 557 si
496 501 713 565 subtile
737 501 902 555 'illud
935 499 1223 569 effugium
1264 501 1487 564 valeat,
1526 498 1961 567 incogitantiae
1989 502 2324 570 arguendus
2354 502 2479 553 erit
2506 500 2678 568 Spiri-

343 602 344 613 1
402 581 502 625 tus
527 570 680 636 Dei,
717 570 812 623 cui
840 572 960 623 'non
989 568 1150 621 venit
1170 568 1232 619 in
1256 578 1552 635 mentem,
1589 567 2073 638 quandoquidem
2096 568 2225 621 -hoc
2263 586 2373 637 pro
2412 571 2679 622 confesso

406 639 730 711 Apostolus
768 638 951 692 sumit
969 674 989 703 ,
1034 654 1154 690 non
1184 654 1307 690 esse
1333 638 1550 716 absque
1578 646 1776 689 morte
1800 637 2187 691 sacrificium.
2271 639 2441 691 Nihil
2466 655 2680 705 moror,

407 709 568 779 quod
608 706 697 760 sic
737 708 1058 787 loquantur
1101 707 1315 760 vetusti
1355 715 1716 774 scriptores3
1764 722 1958 774 neque
1983 706 2144 759 enim
2171 714 2261 759 est
2287 707 2351 759 in
2381 707 2684 760 hominum

383 776 695 843 arbitrio,
744 773 1081 829 cuiusmodi
1108 774 1257 843 ipsis
1291 773 1539 826 libuerit
1562 772 1856 828 sacrificia
1882 768 2129 841 fingere.
2200 775 2329 827 Stat
2358 776 2479 828 hoc
2509 775 2685 844 Spiri-

406 853 504 898 tus
534 844 726 901 sancti
755 844 1018 907 axioma,
1064 859 1182 895 non
1212 842 1437 912 expiari
1464 842 1755 895 sacrificio
1783 853 2067 911 peccata,
2118 841 2259 912 quin
2286 843 2532 912 sanguis
2559 844 2685 898 fun-

406 912 605 971 datur.
757 929 898 973 uate
940 908 1301 964 diabolicum
1339 921 1428 965 est
1467 919 1903 977 commentum,
1960 911 2195 991 saepius
2241 912 2559 966 Christum
2606 913 2687 965 of·

402 983 592 1036 ferri..
781 999 891 1035 unc
917 996 1104 1037 autem
1133 981 1195 1030 in
1225 982 1741 1031 consummatione.
1830 977 2268 1037 Perfectionem
2308 982 2684 1035 saeculorum

405 1058 578 1106 vocat
596 1089 613 1118 ,
652 1067 804 1120 quae
833 1050 905 1102 ad
931 1049 1173 1101 Galatas
1200 1065 1327 1115 cap.
1355 1050 1412 1116 4,
1437 1042 1497 1119 4.ί
1526 1047 1842 1101 Plenitudo
1877 1045 2122 1102 dicitur.
2190 1049 2332 1102 Fuit
2373 1051 2543 1102 enim
2579 1037 2687 1105 ista

406 1121 698 1190 quaedam
733 1117 1016 1188 temporis
1055 1117 1401 1185 maturitas,
1451 1135 1627 1188 quam
1653 1119 1814 1169 Deus
1852 1127 2095 1169 aeterno
2138 1134 2243 1170 suo
2282 1118 2534 1171 decreto
2578 1129 2685 1173 sta·

403 1197 623 1242 tuerat.
696 1189 885 1257 Atque
922 1186 1041 1239 hoc
1077 1185 1252 1241 modo
1291 1202 1434 1259 apsa
1473 1183 1839 1253 praeciditur
1869 1183 2174 1239 hominurn
2203 1185 2584 1257 curiositati,
2617 1204 2687 1239 ne

403 1256 714 1326 inquirere
742 1256 1029 1321 audeant,
1062 1271 1171 1309 cur
1192 1271 1317 1309 non
1341 1255 1526 1308 citius
1543 1291 1562 1319 ,
1599 1269 1707 1306 cur
1734 1252 1844 1306 illa
1867 1252 2063 1334 potius
2090 1265 2294 1308 aetate.
2378 1256 2504 1317 Nos
2536 1255 2686 1319 enim

402 1342 624 1379 arcano
658 1324 776 1378 Dei
815 1323 1068 1377 consilio
1112 1320 1493 1393 acquiescere
1535 1323 1737 1393 decet,
1787 1338 1953 1377 cuius
1993 1323 2185 1392 ratio,
2235 1324 2478 1377 tametsi
2512 1325 2686 1387 nabis

398 1411 524 1451 non
566 1400 662 1448 est
692 1394 1036 1463 perspicua,
1081 1391 1176 1447 illi
1216 1402 1417 1446 tamen
1454 1401 1706 1445 constat.
1783 1391 1857 1443 In
1887 1407 2153 1456 summa,
2202 1390 2687 1465 significatam·

400 1463 591 1518 stolus
638 1463 1052 1530 tempestivam
1096 1460 1279 1513 fuisse
1316 1459 1548 1513 Christi
1586 1466 1883 1526 mortem,
1942 1475 2128 1530 quum
2166 1477 2199 1512 a
2242 1462 2418 1513 Patre
2456 1462 2687 1518 haehae

402 1548 581 1585 causa
628 1531 834 1583 missua
886 1530 1009 1584 fuit
1055 1530 1120 1582 in
1172 1529 1509 1599 mundum,
1564 1533 1746 1597 penes
1807 1544 1985 1597 quem
2038 1527 2314 1597 legitima
2362 1540 2432 1584 ut
2487 1548 2685 1585 reruni

400 1600 667 1655 omnium
685 1638 703 1667 ,
738 1599 825 1652 ita
851 1609 913 1657 et
933 1609 1270 1668 tempotum
1297 1598 1650 1666 gubernatio
1681 1609 1791 1663 est,
1830 1614 2016 1666 quum
2041 1614 2250 1652 eorum
2278 1599 2507 1661 seriem
2534 1618 2682 1655 sum·

398 1687 529 1736 ma,
568 1667 680 1722 etsi
706 1668 874 1720 nobis
901 1685 1074 1737 saepe
1104 1667 1483 1733 abscondita,
1520 1665 1814 1735 sapientia
1843 1666 2104 1721 ordinet.
2179 1668 2505 1733 Praeterea
2542 1669 2683 1725 haec

398 1738 825 1792 consummatio
857 1736 1124 1789 anteacti
1153 1734 1444 1804 temporis
1473 1733 1924 1804 imperfectioni
1958 1735 2300 1805 opponitur.
2386 1736 2493 1789 sie
2534 1738 2682 1791 enim

396 1823 743 1875 suspensum
783 1805 980 1860 tenuit
1010 1806 1169 1857 Deus
1210 1804 1507 1873 populum'
1535 1813 1830 1871 veterem,
1866 1812 1947 1856 ιιι
1975 1803 2158 1857 facile
2182 1803 2441 1858 iudicari
2478 1806 2485 1817 ¹
2519 1817 2682 1874 osset,

395 1876 662 1931 nondum
690 1875 762 1926 ad
785 1875 967 1927 fixam
995 1872 1397 1926 conditionem
1427 1884 1671 1927 ventum
1698 1872 1840 1926 esse.
1924 1871 2073 1926 Ideo
2107 1872 2327 1942 prioris
2364 1874 2446 1927 ad
2528 1876 2678 1926 orin-

395 1944 556 1997 thios
581 1943 871 2013 epistolae
898 1945 983 2013 10,
1014 1938 1097 1995 11'.
1129 1940 1516 1996 Paulusfines
1539 1942 1916 1996 saeculorum
1941 1941 2008 2003 in
2034 1959 2145 1993 nos
2172 1942 2456 2005 incidisse
2480 1943 2675 2010 tradit,

395 2029 514 2094 quo
555 2011 889 2082 significat,
940 2028 1187 2083 regnum
1213 2008 1442 2064 Christi
1468 2010 1737 2064 omnibus
1765 2010 2491 2079 rebusrcomplementum
2531 2022 2670 2065 attu-

391 2081 556 2141 lisse.
637 2082 808 2151 Quod
835 2082 887 2134 si
917 2080 1067 2133 haec
1096 2077 1220 2133 fuit
1246 2076 1588 2149 temporum
1617 2098 1652 2147 p
1683 2078 1920 2131 enitudo
1940 2116 1957 2144 ,
2039 2071 2179 2133 uun¹1
2206 2080 2278 2132 ad
2308 2092 2567 2149 peccata
2594 2097 2661 2143 esf

390 2150 609 2219 pianda
628 2149 907 2218 apparuit
932 2145 1238 2214 Christus,
1294 2157 1562 2202 atrocem
1587 2148 1635 2199 il
1663 2165 1683 2198 ι
1709 2145 2007 2202 iniuriam'
2040 2147 2279 2216 aciunt,
2331 2150 2439 2220 qui
2479 2150 2668 2203 volunt

388 2205 667 2271 rendvari
693 2217 1071 2283 sacrificium,
1098 2233 1165 2270 ac
1190 2217 1241 2270 si
1261 2226 1452 2269 morte
1481 2219 1609 2270 eius
1637 2216 1900 2271 nondum
1920 2216 2215 2285 completa
2238 2227 2442 2271 essent
2465 2218 2672 2272 omnia.

390 2287 585 2347 Semel
611 2303 755 2356 ergo
785 2287 1081 2356 apparuit,
1118 2285 1275 2356 quia,
1304 2282 1351 2341 si
1376 2285 1546 2339 fieret
1571 2285 1794 2338 iterum
1820 2285 1915 2337 vel
1942 2286 2154 2351 tertio,
2190 2286 2425 2357 aliquid
2458 2287 2538 2339 ad
2565 2287 2676 2356 pri·

387 2368 547 2409 mam
588 2356 957 2409 oblationem
995 2356 1255 2420 deesset,
1302 2354 1457 2424 quod
1495 2352 1859 2423 plenitudini
1897 2363 2210 2424 repugnat.
2320 2376 2333 2387 >⁷
2353 2357 2429 2406 In
2457 2358 2677 2408 destru-

389 2427 657 2479 ctionem.
748 2423 1039 2496 Congruit
1063 2424 1178 2477 hoc
1207 2441 1341 2477 curn
1373 2423 1641 2477 Danielis
1674 2422 1962 2477 vaticinio
1996 2424 2071 2491 (9,
2098 2423 2253 2491 24.),
2298 2441 2425 2495 quo
2447 2464 2466 2492 ,
2517 2432 2678 2494 post-

470 2513 566 2550 am
604 2493 930 2565 obsignatio
979 2503 1039 2545 et
1076 2492 1319 2551 abolitio
1355 2493 1651 2546 scelerum
1689 2492 1983 2561 promissa
2021 2503 2140 2558 est,
2190 2492 2329 2546 finis
2357 2493 2679 2547 sacrificiis

384 2562 697 2617 indicitur.
780 2564 1081 2642 Quorsum
1106 2560 1262 2642 enim
1292 2561 1527 2640 piacula
1555 2561 1874 2615 destructis
1900 2560 2266 2615 sceleribus?
2341 2565 2540 2615 Porro
2580 2565 2680 2616 de·

384 2633 636 2685 structio
677 2632 829 2683 haec
865 2647 928 2682 ιιι
967 2648 1037 2682 eo
1077 2639 1376 2696 consistit,
1429 2629 1732 2699 quodiam
1760 2648 1879 2702 non
1907 2631 2278 2698 imputantur
2299 2642 2564 2700 peccata
2590 2630 2681 2695 iis,
2772 2673 2775 2684 <

381 2699 491 2771 qui
528 2701 600 2753 ad
642 2700 870 2756 Christi
907 2699 1264 2753 sacrificium
1301 2699 1685 2770 confugiunt.
1783 2701 1935 2751 Nam
1974 2700 2233 2769 quamvis
2284 2702 2553 2769 petenda
2603 2701 2680 2753 sit

381 2770 642 2839 quotidie
682 2770 883 2845 venia,
931 2778 999 2820 ut
1035 2767 1302 2837 quotidie
1338 2764 1494 2821 iram
1517 2767 1629 2821 Dei
1664 2775 2094 2837 provocamus:
2143 2768 2282 2837 quia
2309 2778 2523 2822 tamen
2554 2785 2679 2820 non

378 2837 500 2890 alio
526 2854 699 2907 quam
731 2839 942 2890 unicae
961 2836 1193 2889 >Christi
1222 2838 1427 2888 mortis
1456 2837 1705 2906 pignore
1743 2836 2199 2898 reconciliamur
2224 2839 2396 2905 Deo,
2447 2837 2679 2892 merito

380 2906 606 2959 dicitur
620 2943 652 2974 ,1
674 2923 783 2975 per
810 2905 1332 2962 eamdestructum
1360 2923 1483 2958 esse
1512 2914 1843 2975 peccatum.
2242 2911 2245 2913 ’

510 2974 601 3029 27.
676 2974 976 3042 Quatenus
1015 2976 1392 3026 constitutum
1435 2988 1541 3025 est.
1623 2975 1835 3027 Sensus
1874 2986 1996 3033 est:
2047 2976 2247 3045 Quum
2282 2974 2609 3049 patienter
2647 2991 2681 3028 a
2774 2973 2775 3036 ζ

369 3053 572 3105 anorte
612 3042 871 3097 hominis
910 3052 1322 3111 exspectemus
1361 3040 1570 3098 iudicii
1611 3042 1802 3109 diem,
1859 3043 1996 3112 quia
2028 3044 2180 3102 haec
2219 3043 2568 3096 communis
2597 3043 2680 3096 sit

372 3110 473 3165 lex
498 3120 779 3177 naturae,
828 3111 923 3166 cui
954 3111 1233 3164 reluctari
1263 3112 1352 3163 fas
1378 3129 1487 3164 nos
1519 3120 1641 3164 est:
1698 3130 1807 3164 cur
1833 3112 2027 3166 minus
2056 3123 2208 3166 esset
2236 3111 2581 3182 patientiae
2614 3112 2701 3172 in,

373 3180 765 3249 exspectando
804 3180 1063 3234 secundo
1104 3179 1332 3232 Christi
1370 3179 1671 3234 adventu?
1742 3179 1894 3233 Nam
1934 3182 1986 3235 si
2025 3181 2088 3240 in
2126 3182 2442 3238 hominum
2482 3182 2677 3251 vulgo

367 3248 582 3302 beatae
622 3249 1073 3302 resurrectionis
1109 3248 1239 3318 spei
1278 3247 1426 3300 nihil
1466 3250 1714 3318 derogat
1754 3249 1855 3300 lon
1903 3267 2001 3303 um
2039 3250 2327 3319 temporis
2371 3248 2679 3302 interval·
2774 3303 2775 3320 χ

367 3317 529 3371 lum:
579 3335 757 3389 quam
796 3316 1111 3382 absurdum
1152 3327 1303 3369 esset
1337 3318 1533 3370 minus
1570 3317 1816 3371 honoris
1893 3317 2076 3370 eferri
2116 3317 2404 3372 Christo?
2463 3316 2678 3374 minus
2774 3323 2775 3332 ’

364 3395 571 3440 autem
598 3385 928 3440 deferemus
947 3422 966 3450 ,
998 3385 1051 3439 si
1083 3403 1219 3439 eum
1248 3403 1518 3439 vocemus
1548 3388 1619 3439 ad
1649 3383 1969 3439 secundam
1998 3398 2518 3457 mortem,·quum
2547 3404 2678 3442 una
2774 3441 2775 3448 ,

363 3454 428 3507 in
459 3465 816 3527 perpetuum
841 3455 1150 3508 defunctus
1177 3455 1275 3507 sit.
1349 3455 1409 3507 Si
1441 3455 1572 3524 quis
1603 3455 1886 3521 obiiciat,
1923 3457 2008 3507 bis
2035 3457 2323 3525 quosdam·
2341 3471 2477 3507 esse
2503 3472 2678 3509 mor-

289 3533 290 3538 ’
362 3531 531 3593 tuos,
569 3534 637 3577 ut
662 3527 948 3578 Lazarum
973 3533 1031 3576 et
1056 3522 1308 3576 similes:
1351 3524 1635 3592 'expedita
1663 3533 1751 3577 est
1778 3523 1995 3576 solutio
2017 3556 2034 3590 ,·
2074 3525 2417 3593 Apostolum
2447 3523 2563 3576 hic
2596 3526 2676 3578 de

366 3592 670 3648 ordinaria
709 3591 1008 3648 hominum
1048 3591 1387 3646 conditione
1431 3591 1759 3661 disputare,
1814 3591 2162 3668 quinetiam
2188 3594 2260 3645 ab
2288 3593 2407 3644 hoc
2441 3591 2674 3662 ordine

362 3661 724 3727 eximuntur,
764 3678 906 3730 quos
930 3657 1122 3716 subita
1148 3659 1490 3713 immutatio
1521 3661 1905 3729 corruptione
1932 3670 2130 3725 exuet,
2167 3662 2301 3732 quia
2328 3678 2459 3713 non
2491 3678 2672 3715 com·

361 3730 691 3797 prehendit
719 3731 833 3783 nisi
862 3747 996 3797 eos,
1044 3729 1145 3797 qui
1172 3728 1364 3785 dimin
1388 3729 1635 3801 pulvere
1665 3746 1985 3797 corporum
2011 3747 2254 3785 suorum
2280 3730 2672 3799 redemptio·

358 3814 494 3852 nem
534 3807 895 3869 exspectant.
1053 3798 1311 3850 Secundo
1356 3800 1568 3867 absque
1606 3812 1864 3865 peccato.
1949 3795 2080 3851 Hoc
2115 3815 2298 3851 unum
2327 3800 2672 3867 Apostolus

356 3875 568 3935 urget,
602 3874 726 3920 non
751 3868 970 3921 debere
994 3883 1101 3918 uos
1131 3865 1450 3936 inquietari
1479 3867 1755 3921 inanibus
1785 3867 2098 3937 pravisque
2130 3865 2419 3921 nouarum
2456 3869 2672 3936 expia.-

354 3932 590 3990 tionum
643 3933 986 4002 desideriis,
1053 3935 1193 4005 quia
1236 3951 1351 3993 una
1389 3953 1552 3987 mors
1592 3936 1817 3987 Christi
1859 3937 2036 3987 nobis
2076 3934 2310 3988 abunde
2352 3935 2667 3994 sufficiat.

349 4002 497 4056 Ideo
531 4003 720 4072 dicit,
770 4005 954 4058 semel
983 4003 1320 4073 apparuisse
1347 4020 1483 4057 cum
1511 4003 1808 4057 sacrificio
1840 4004 1912 4056 ad
1942 4004 2193 4058 delenda
2220 4014 2509 4070 peecata3
2569 4025 2669 4061 se-

349 4071 542 4125 cundo
579 4074 831 4127 adventu
869 4073 1065 4143 palam
1110 4073 1405 4126 facturum
1424 4113 1440 4139 ,
1492 4074 1638 4141 quid
1669 4071 1972 4127 efficaciae
2002 4090 2163 4126 mors
2190 4089 2296 4127 sua
2326 4071 2665 4143 habuerit,

348 4149 417 4193 ut
455 4142 708 4210 amplius
747 4158 867 4194 non
905 4142 981 4194 sit
1018 4149 1267 4208 peccato
1305 4140 1391 4193 vis
1435 4141 1506 4192 ad
1543 4142 1896 4200 nocendum.
1981 4143 2227 4208 Auferre
2310 4158 2528 4195 cecata
2569 4153 2665 4197 est

342 4207 602 4262 liberare
642 4226 746 4264 sua
781 4208 1194 4276 satisfactione
1221 4227 1254 4261 a
1278 4219 1455 4266 reatu
1484 4226 1619 4278 eos,
1674 4209 1778 4279 qui
1806 4209 2153 4278 peccarunt.
2295 4212 2459 4263 ultor
2499 4211 2662 4265 dicit

341 4293 451 4347 pro
478 4279 801 4345 Omnibus,
846 4277 1027 4331 sicuti
1054 4278 1126 4334 ad
1152 4279 1452 4331 Romanos
1484 4280 1678 4347 capite
1704 4279 1756 4346 5,
1790 4279 1871 4331 15.
1944 4280 2190 4333 Certum
2232 4278 2493 4348 quidem
2533 4289 2655 4347 est,

338 4361 460 4397 non
497 4363 699 4400 omnes
743 4364 815 4398 ex
855 4345 1082 4399 Christi
1121 4356 1315 4399 morte
1358 4348 1622 4401 fructum
1658 4349 1998 4417 percipere5
2058 4350 2161 4401 sed
2197 4347 2315 4412 hoc
2356 4349 2506 4403 ideo
2550 4350 2655 4415 fit,

249 4439 252 4440 ⁷
336 4413 476 4483 quia
501 4432 596 4469 eos
623 4414 877 4487 impedit
900 4430 1006 4470 sua
1030 4412 1935 4492 incredulitas,,quanquamhic
1962 4418 2032 4492 de
2058 4417 2255 4473 nihilo
2284 4419 2652 4489 agitaretur
