2820 4895
319 281 446 375 ⁶¹4
773 340 782 343 -
1083 277 1192 347 iu
1252 277 1879 349 aris-ronan

365 510 368 511 ⁷
411 444 418 451 ‘
460 446 825 502 isecundum
851 448 1047 502 maius
1072 457 1133 501 et
1159 449 1372 506 minus.
1443 446 1685 505 Nemini
1725 456 1929 504 autem
1966 447 2207 504 dubium
2242 442 2368 521 ett‘,
2420 449 2537 506 nbi
2582 452 2655 505 in

287 522 295 532 “
428 527 628 572 tamen
653 519 898 574 veniunt
908 520 1031 573 Lex
1056 528 1118 572 et
1131 520 1550 592 Evangelium,
1586 517 1729 590 quin
1755 519 2189 590 praeponderet
2218 519 2414 574 inhac
2438 531 2662 593 parte,

329 589 486 667 qnod
525 589 830 659 spirituale
871 599 994 653 επις
1036 586 1100 643 in
1139 590 1244 643 illa
1270 599 1471 659 autem
1495 590 1691 662 priora
1716 599 1952 644 terrena
1977 589 2241 661 symbola
2264 591 2455 663 magis
2494 594 2660 647 emi-

329 664 538 715 neant.‘
731 694 738 703 ,
2200 700 2205 705 -

474 729 557 784 19.
635 726 752 797 Qui
792 728 1138 797 audierant,
1185 739 1559 783 excusarunt.
1627 728 1759 783 Hoc
1794 727 2123 784 secundnm-
2151 729 2499 784 memhrum
2540 742 2667 800 cat,

333 788 397 854 in
425 815 543 870 quo
568 806 820 864 tractat,
863 798 1082 867 Legem
1103 796 1425 867 Evangelio
1454 797 1621 857 valde
1650 799 1836 855 fuisse.
1856 797 2231 869 dissimilem,
2262 802 2434 872 quia,
2454 816 2667 871 quum

335 867 774 941 promulganda
800 867 947 934 fuit,
1003 868 1204 922 omnia
1243 868 1567 922 terroribus
1605 871 1780 924 variis
1816 869 1992 938 plena
2029 882 2220 926 erant.
2299 873 2434 925 Huc
2479 871 2666 926 enim

207 954 226 962 “
336 950 638 1010 spectant,
688 953 1071 1009 quaecunque
1112 939 1363 1010 legimus
1405 938 1593 992 Exodi
1625 940 1825 1011 capite
1867 939 2097 993 decimo
2136 952 2351 1009 nonos
2378 947 2448 994 ut
2491 942 2668 996 aciat

338 1011 585 1083 populus
608 1010 801 1062 Deum
825 1008 1085 1065 tribunal
1111 1008 1536 1078 conscendere,
1584 1025 1700 1079 quo
1737 1026 2000 1064 severum
2034 1010 2297 1066 iudicem
2334 1026 2399 1063 se
2441 1024 2665 1066 osten·

225 1132 230 1139 ,
342 1082 459 1138 dat.
505 1082 589 1135 ‚si
613 1079 918 1133 innoxium
943 1077 1167 1132 animal
1185 1082 1424 1150 propius
1444 1079 1602 1132 forte
1627 1080 1968 1139 accessisset
1983 1119 2003 1147 ‚
2049 1080 2296 1139 iubebat
2318 1080 2475 1135 illud
2503 1090 2659 1135 ’con-

341 1151 485 1206 fodi.
560 1151 792 1220 Quanto
835 1148 1035 1201 durior
1075 1168 1268 1220 poena
1303 1149 1654 1204 imminebat
1691 1152 2133 1222 peccatoribus,
2185 1151 2287 1221 qui
2330 1150 2450 1205 sibi
2492 1153 2663 1208 male

346 1221 565 1275 conscii
590 1228 792 1287 erant,
837 1221 959 1272 imo
995 1223 1095 1290 qui
1131 1238 1192 1274 se
1232 1230 1519 1287 noverant
1554 1222 1691 1274 xreos
1728 1222 1939 1275 mortis
1965 1229 2244 1274 aeternae
2273 1222 2369 1292 agi
2397 1237 2515 1291 per
2542 1224 2657 1277 Le·

341 1290 513 1365 gem?
583 1288 968 1360 Evangelium
995 1294 1191 1343 autem
1220 1291 1369 1345 nihil
1395 1290 1510 1344 nisi
1537 1290 1792 1345 amabile
1826 1292 2125 1360 continet,
2175 1290 2227 1345 si
2254 1291 2508 1363 quidem
2537 1292 2657 1347 fide

339 1362 644 1432 recipitur.
714 1359 965 1431 Reliqua
987 1371 1122 1429 pete
1150 1378 1221 1414 ex
1244 1361 1535 1415 secundae
1561 1362 1634 1414 ad
1664 1362 1999 1416 Corinthios
2026 1362 2314 1432 epiitolae
2354 1363 2568 1435 eapite
2600 1362 2656 1420 8.

344 1436 656 1491 caeterum
684 1430 843 1502 quod
866 1430 1011 1484 dicit
1041 1432 1318 1503 populum
1339 1447 1645 1486 excusasse
1662 1470 1680 1497 ,
1710 1444 1851 1485 nun
1873 1433 1961 1486 ita
1988 1433 2162 1503 debet
2187 1432 2419 1503 accipi,
2479 1434 2650 1504 quasi

342 1504 587 1577 populus
609 1501 873 1557 renuerit
899 1500 1226 1557 audireDei
1248 1503 1461 1572 verba,
1496 1503 1599 1556 sed
1625 1502 1968 1572 deprecatus
1994 1512 2112 1572 est,
2139 1519 2215 1556 ne
2226 1505 2431 1575 Deum
2452 1503 2649 1574 ipsum

339 1578 679 1647 loquentem
707 1571 910 1625 audire
951 1584 1273 1643 cogeretur.
1338 1575 1597 1627 Persona
1631 1573 1790 1627 enim
1819 1564 2007 1627 Musis
2043 1568 2410 1644 interposita
2440 1573 2649 1627 borro-

347 1663 476 1701 rem
505 1641 773 1698 nonnihil
801 1641 1130 1712 mitigabat.
1199 1645 1468 1714 Torquet
1492 1652 1695 1697 tamen
1724 1643 2076 1713 interpretes
2093 1683 2110 1714 ,
2140 1643 2300 1715 quod
2314 1644 2487 1700 Mosi
2506 1644 2649 1698 haec

347 1717 521 1771 verba
535 1712 854 1783 ‘Apostolus
876 1713 1114 1769 tribuit:
1156 1715 1596 1782 Expavefactus
1624 1731 1752 1766 sum
1779 1728 1834 1767 et
1862 1710 2279 1784 tremefactus,
2318 1731 2486 1786 quae
2519 1732 2635 1769 nus-

349 1802 526 1859 quam
565 1785 811 1854 legimus
845 1784 1078 1838 Morem
1115 1782 1451 1852 protulisse.
1528 1784 1749 1837 Verum
1791 1782 2005 1837 solutio
2044 1798 2165 1837 non
2204 1786 2321 1838 erit
2360 1785 2618 1852 difficilis,

348 1859 400 1912 si
425 1855 855 1910 consideremus
883 1856 1114 1907 Mosam
1137 1854 1380 1907 nomine
1404 1852 1615 1922 populi
1637 1852 1727 1908 sic
1751 1853 2064 1924 loquutum
2082 1893 2101 1924 ,
2148 1855 2323 1910 cuius
2361 1856 2630 1913 mandata

347 1930 511 1999 quasi
535 1925 928 1979 internuntius
954 1924 1038 1983 ad
1054 1922 1247 1985 Deum
1272 1923 1590 1987 referebat.
1659 1923 1795 1978 Fuit
1819 1925 2005 1996 igitar
2027 1925 2174 1979 haec
2195 1930 2546 1993 communis
2564 1939 2644 1980 to·

347 2000 464 2057 tius
489 1995 689 2079 populi
719 1993 1118 2068 querimoniam
1152 1993 1253 2050 sed
1281 1995 1481 2079 MP‘e‘P
1504 1992 1829 2066 inducitur,
1869 1999 1968 2070 qui
1991 1995 2102 2053 fuit
2125 1995 2312 2055 veluti
2331 2014 2643 2053 commune

354 2087 417 2125 os
444 2083 728 2122 omnium.

343 2138 370 2161 ·”
483 2140 574 2196 22.
643 2137 727 2189 Aa
766 2153 1011 2192 montem
1040 2137 1198 2191 Sion.
1271 2134 1536 2207 Respicit
1571 2133 1648 2190 ad
1687 2151 1783 2190 eas
1824 2133 2195 2209 prophetias,
2249 2134 2641 2208 quibus-olim

351 2211 504 2263 Deus
555 2207 899 2279 prom²serat
932 2206 1503 2277 Evangeliumsinde
1549 2208 1915 2278 proditurum
1933 2245 1952 2276 ‚
2011 2216 2078 2261 ut
2117 2210 2341 2261 Iesaiae
2390 2200 2634 2261 secundo

349 2281 541 2351 capite
581 2289 638 2334 et
669 2278 953 2332 similibus
992 2278 1158 2331 locis.
1229 2278 1385 2348 Ergo
1422 2288 1687 2333 montem
1719 2279 1861 2333 Sion
1900 2277 2219 2337 committit
2260 2294 2404 2332 cum
2449 2285 2622 2332 monte

352 2350 547 2410 Sinai;
604 2348 809 2401 deinde
851 2350 1167 2403 Ierusalem
1212 2351 1550 2419 coelestem,
1600 2358 1662 2421 et
1695 2349 2050 2403 nominatim
2077 2348 2412 2402 coelestem
2456 2354 2629 2414 voest,

351 2429 430 2472 ne·
469 2419 671 2474 Iudaei
707 2419 769 2471 in
812 2418 917 2472 illa
952 2428 1188 2472 terrena
1221 2416 1542 2487 haereant,
1591 2435 1742 2491 quae
1780 2419 1889 2474 sub
1927 2421 2082 2490 Lege
2121 2418 2446 2484 floruerat;
2502 2434 2636 2473 nam

311 2500 334 2508 ⁹
351 2507 531 2562 quum
568 2491 949 2560 pertinaciter
977 2490 1079 2543 sub
1108 2489 1301 2542 servili
1328 2489 1499 2559 Legis
1526 2490 1666 2560 iugo
1697 2497 1938 2544 manera
1966 2499 2272 2560 appeteret
2289 2527 2307 2557 ,
2350 2504 2639 2543 conversa

352 2573 481 2615 erat
517 2565 580 2613 in
613 2570 877 2616 montem
902 2561 1096 2628 Sinai,
1138 2559 1290 2611 sicut
1317 2560 1527 2613 Paulus
1554 2560 1724 2613 docet
1752 2561 1827 2614 ad
1859 2560 2100 2614 Galatas
2132 2563 2327 2631 capite
2356 2563 2418 2614 4.
2492 2562 2638 2614 Coe-

347 2634 555 2685 {estem
587 2647 726 2702 ergo
752 2631 1070 2684 Ierusalem
1096 2628 1410 2699 intelligit,
1448 2646 1600 2701 quae
1625 2646 1731 2698 per
1755 2639 1948 2685 totum
1975 2630 2258 2684 mnndum
2286 2629 2637 2685 exstruenda

351 2714 510 2771 erat,
572 2701 1059 2769 quemadmodum
1110 2699 1361 2770 Angelus
1410 2700 1567 2769 apud
1616 2700 1964 2755 Zachariam
2010 2701 2339 2770 funiculum
2398 2702 2518 2755 eius
2561 2701 2630 2752 ab

354 2773 598 2827 Oriente
631 2788 809 2843 usque
841 2774 905 2825 in
931 2770 1319 2825 Occidentem
1350 2770 1629 2825 extendit.
1988 2827 2027 2838 „
2410 2801 2415 2804 -

259 2849 262 2852 ’
486 2842 577 2895 23.
665 2846 1014 2896 conventum
1064 2840 1435 2907 Angelorum.
1531 2839 1839 2910 Significat
1896 2854 2004 2892 nos
2050 2839 2288 2910 Angelis
2339 2839 2628 2907 associari,

353 2912 616 2983 cooptari
641 2912 703 2964 in
728 2909 1204 2965 Patriarcharum
1237 2909 1507 2978 ordinem
1523 2947 1542 2978 ‚
1578 2922 1637 2964 et
1662 2912 1939 2964 collocari
1971 2913 2034 2963 in
2062 2913 2229 2964 coelo
2254 2912 2420 2964 inter
2443 2923 2636 2965 omnes

347 2985 548 3037 beatos
577 2982 843 3052 spiritus,
884 2985 1062 3050 quum'
1089 2983 1194 3048 per
1223 2979 1609 3050 Evangelium
1640 2999 1746 3034 nos
1775 2981 1851 3035 ad
1884 2998 1946 3034 se
1968 2979 2238 3035 Christus
2265 2992 2462 3037 vocat.
2529 2982 2640 3035 Hic

353 3071 489 3108 vero
530 3051 970 3107 inaestimabilis
1010 3058 1097 3103 est
1135 3048 1359 3120 honor,
1412 3067 1527 3121 quo
1558 3069 1668 3104 nos
1697 3052 1978 3121 dignatur
2016 3052 2286 3106 coelestis
2312 3053 2519 3118 Pater,
2571 3060 2636 3105 ut

352 3123 587 3195 Angelis
618 3131 678 3176 et
703 3122 916 3176 sanctis
943 3119 1206 3175 Patribus
1235 3136 1342 3173 nos
1367 3132 1694 3177 accenseat.
1766 3123 1937 3194 Quod
1979 3131 2176 3175 autem
2212 3123 2506 3192 myriadas
2529 3125 2640 3175 An·

353 3194 618 3266 gelorum
647 3193 790 3246 dicit
810 3232 827 3261 ‚
866 3207 933 3244 ex
962 3189 1209 3245 Daniele
1234 3201 1526 3261 sumptum
1549 3202 1666 3261 est,
1706 3207 2040 3266 quanquam
2069 3206 2179 3261 ego
2212 3192 2530 3246 Erasmum
2556 3208 2640 3246 se·

295 3271 316 3297 ·’
352 3275 565 3338 quntus
597 3264 1051 3316 Innumerabiles
1079 3261 1245 3314 verti.
1317 3263 1783 3331 Primogenitos,
1818 3280 1939 3316 non
1965 3263 2198 3335 quosvis
2220 3264 2333 3317 Dei
2353 3264 2512 3317 filios
2536 3278 2639 3316 nc·

352 3337 571 3402 minat,
620 3339 687 3387 ut
722 3332 1032 3401 aliquando
1068 3331 1369 3400 Scriptura
1410 3331 1591 3396 solet3
1639 3333 1738 3386 sed
1779 3333 2165 3402 peculiariter*
2194 3330 2433 3387 honoris
2469 3349 2644 3387 causa

352 3399 723 3460 Patriarehas
763 3410 823 3454 et
859 3402 1110 3470 reliquos
1151 3402 1360 3455 veteris
1397 3402 1694 3468 Ecclesiae
1737 3415 2007 3486 proceres
2056 3413 2229 3457 ornat
2282 3402 2395 3455 hoc
2446 3404 2641 3460 titulo.

351 3477 613 3532 Dicitjn
656 3473 837 3527 coelis
875 3476 1158 3539 scriptos,
1207 3473 1825 3545 quia‘electosomnes
1848 3477 2004 3529 Deus
2031 3474 2391 3543 conscriptos
2419 3472 2632 3528 habers

284 3577 290 3584 ·
353 3547 572 3601 dicitur
618 3545 682 3597 in
725 3542 876 3596 libro
924 3557 1028 3595 suo
1073 3541 1166 3594 vel
1209 3541 1274 3594 in
1314 3556 1539 3596 arcano
1582 3543 1888 3616 catalogo,
1939 3554 2009 3598 ut
2047 3542 2319 3598 Ezechiel
2359 3543 2641 3616 loquitur.

355 3619 441 3670 Aa
470 3618 720 3670 iudicem
746 3612 1016 3668 omnium.
1091 3613 1220 3665 Hoc
1251 3611 1478 3667 dietum
1504 3613 1765 3682 videtur,
1812 3625 1881 3668 ut
1906 3613 2131 3668 metum
2155 3613 2439 3683 incutiat,
2496 3632 2570 3670 ac
2598 3614 2648 3669 si

357 3688 607 3748 diceret,
659 3685 744 3735 ita
782 3681 948 3734 nobis
979 3679 1193 3735 offerri
1228 3684 1521 3754 gratiam,
1569 3694 1640 3739 ut
1713 3677 2052 3754 ogitandum
2076 3694 2278 3739 tamen
2301 3685 2411 3753 sit,
2474 3685 2647 3740 nobis

340 3761 494 3811 curn*
515 3754 710 3808 iudice
740 3762 942 3804 nostro
973 3768 1092 3805 esse
1130 3752 1470 3823 negotium,
1520 3756 1617 3807 cui
1726 3755 2066 3809 ddenda‘sit
2103 3758 2289 3823 ratio,
2334 3754 2385 3807 si
2423 3757 2650 3826 polluti

354 3845 426 3881 ac
461 3824 695 3895 profani
731 3831 952 3875 temere
987 3822 1212 3885 ineius
1255 3825 1660 3879 sanctuarium
1697 3826 2097 3896 irrumpimus.
2165 3824 2339 3879 Addit
2381 3824 2651 3892 Spiritus

358 3902 642 3951 iustorum
663 3931 679 3960 ,
727 3902 792 3945 ut
819 3892 1113 3964 significet
1139 3909 1244 3945 nos
1274 3896 1579 3965 aggregari
1624 3895 1700 3947 ad
1736 3906 1966 3950 sanctas
2004 3894 2268 3964 animas,
2314 3908 2477 3965 quae
2519 3912 2650 3949 cor-

355 3966 594 4037 poribus
625 3970 828 4034 exutae
868 3980 1065 4016 omnes
1103 3964 1305 4016 mundi
1340 3964 1540 4018 sordes
1571 3967 1969 4038 reliquerunt:
2016 3966 2266 4035 ideoque
2296 3973 2474 4016 vocat
2504 3968 2647 4019 Con-

358 4051 619 4090 secratos
645 4033 733 4086 vel
763 4032 1050 4089 Perfectos
1066 4068 1085 4101 ,
1119 4034 1259 4104 quia
1280 4035 1475 4090 carnis
1499 4035 1942 4091 infirmitatibus
1964 4053 2096 4090 non
2108 4038 2229 4091 sint
2254 4033 2515 4104 amplius
2542 4035 2650 4088 ob-

351 4105 546 4173 noxii,
595 4104 856 4173 deposita
891 4105 1018 4174 ipsa
1053 4118 1254 4159 carne:
1318 4107 1513 4176 Atque
1545 4105 1687 4159 hinc
1726 4115 1890 4160 certo
1927 4107 2292 4180 colligimus,
2342 4105 2475 4174 pias
2508 4107 2645 4158 aui-

319 4178 332 4190 ‘
353 4193 479 4246 mas
496 4215 513 4244 ,
551 4184 852 4248 postquam
872 4191 908 4226 a
934 4174 1271 4243 corporibus
1297 4187 1434 4229 sunt
1455 4186 1790 4247 separatae,
1818 4181 2014 4231 vivere
2037 4187 2231 4236 tamen
2254 4175 2408 4244 apud
2421 4176 2644 4242 Deum,

357 4247 497 4319 quia
539 4247 705 4299 aliter
741 4261 862 4298 non
898 4245 1345 4316 possemuqillis
1384 4246 1627 4317 adiungi
1654 4248 1915 4302 comites.
1987 4247 2256 4301 Tandem
2280 4245 2532 4299 subiicit
2561 4248 2645 4300 Is·

357 4336 483 4371 sum
522 4315 892 4369 mediatorem
908 4353 925 4383 ,
977 4309 1252 4387 quon'iam
1275 4318 1324 4370 is
1355 4317 1510 4370 solus
1531 4329 1675 4385 ests
1701 4335 1808 4387 per
1829 4334 2004 4390 quem
2029 4316 2198 4371 nobis
2228 4315 2510 4384 placatur
2534 4317 2637 4369 Pa·

257 4383 277 4405 *
353 4396 440 4439 ter
456 4423 474 4453 ‚
519 4393 578 4435 et
597 4385 702 4454 qui
723 4400 992 4437 serenum
1015 4396 1191 4509 atque
1215 4387 1526 4440 amabilem
1555 4389 1678 4441 eius
1705 4389 1928 4443 vultum
1954 4389 2129 4442 nobis
2148 4387 2372 4456 reddit,
2412 4401 2493 4439 ne
2524 4401 2640 4439 me·

353 4467 586 4511 tuamus
616 4455 690 4512 ad
721 4457 910 4523 ipsum
937 4471 1077 4509 acce
1119 4472 1233 4512 ere.
1302 4457 1491 4511 Simul
1517 4467 1719 4514 tamen
1748 4460 2053 4530 exprimit,
2092 4457 2348 4529 qualiter
2377 4473 2442 4509 se
2478 4457 2645 4516 nobis
2734 4471 2751 4532 5

477 4642 514 4655 ι
