2820 4895
338 216 468 294 344
886 226 998 293 m
1061 184 1683 296 aelsToLan
1747 225 2082 299 pann

221 398 236 441 N
342 411 492 463 opus
531 393 838 455 Ecclesiae
890 395 1263 464 aedificatio,
1318 406 1390 450 ut
1435 398 1640 452 statim
1685 398 1760 452 ad
1796 412 2095 465 summum
2139 395 2389 466 perduci
2428 406 2637 467 queat.

344 463 643 534 Quamdiu
680 464 742 515 in
769 466 949 518 Creta
989 466 1176 535 fuerit
1205 466 1459 533 Paulus,
1512 466 1814 522 incertum
1856 476 1976 529 est;
2030 464 2400 535 aliquantum
2422 474 2643 520 tamen

341 531 634 612 temporis
687 533 819 586 illic
872 543 1277 604 transegerat,
1340 535 1579 589 fidelem
1623 534 2005 603 impenderat
2046 550 2292 604 operam
2341 533 2637 604 erigendo

344 600 574 653 Christi
599 618 807 672 regno.
882 605 1019 657 Non
1059 605 1264 657 deerat
1310 621 1541 657 summa
1579 604 1829 674 peritia,
1877 612 2101 673 quanta
2125 602 2189 654 in
2218 604 2466 657 homine
2495 613 2643 671 pot-

342 678 435 722 est
467 668 765 738 inveniri,
815 672 1141 739 laborando
1174 683 1303 726 erat
1328 673 1696 735 indefessus3
1736 689 1879 741 opus
1905 682 2107 724 tamen
2132 671 2359 733 fatetur
2384 689 2452 724 se
2480 673 2641 725 rude

343 755 414 791 ac
453 738 735 792 mutilum
772 741 1126 811 reliquisse.·
1179 742 1336 797 Hinc
1371 751 1625 811 apparet
1658 740 2022 808 difficultas,
2073 751 2134 794 et
2164 758 2273 793 nos
2312 741 2498 793 hodie
2539 756 2644 793 ex-

341 806 643 876 perimur,
685 826 808 860 non
837 812 1010 863 unius
1040 810 1178 872 anni
1207 810 1300 863 vel
1330 811 1581 865 duorum
1608 828 1733 863 esse
1759 811 2066 876 laborem,
2104 810 2397 878 collapsas
2424 809 2644 861 Eccle-

343 877 457 929 sias
499 876 565 927 in
605 879 958 932 mediocrem
999 888 1221 931 statum
1261 879 1598 934 restituere.
1721 896 1858 932 uare
1887 879 2003 948 qui‘
2021 895 2130 947 per
2155 896 2335 933 annos
2363 878 2644 946 complu-

317 942 437 997 ’τοι
467 947 694 999 assidue
723 939 1025 1023 progr'essi
1052 957 1220 1013 sunt,
1271 948 1469 1001 adhuc
1496 949 1568 1000 ad
1597 965 1697 1001 mu
1725 958 1785 999 ta
1816 947 2173 1016 corrigenda
2206 948 2473 1000 intentos
2505 963 2640 999 esse

344 1023 634 1087 oportet.5
691 1016 877 1068 Porro
921 1034 1140 1084 operae
1175 1017 1439 1085 pretium
1477 1027 1608 1083 est,
1652 1026 1861 1070 notare
1889 1016 2059 1068 Pauli
2085 1016 2477 1082 modestiam,
2527 1016 2638 1085 qui

338 1082 603 1137 libenter
643 1085 715 1137 ab
756 1085 871 1137 alio
912 1086 1144 1139 absolvi
1185 1088 1442 1153 patitur,
1492 1086 1649 1156 quod
1690 1085 1821 1157 ipse
1851 1083 2177 1154 inchoavit.
2274 1086 2353 1137 Et
2391 1083 2641 1155 quidem

341 1168 524 1221 quum
564 1151 694 1219 ipso
733 1154 909 1222 longe
945 1153 1201 1208 inferior
1241 1164 1394 1206 esset
1417 1154 1590 1208 Titus
1609 1192 1626 1220 ‚
1674 1171 1796 1207 non
1824 1162 2061 1206 recusat
2088 1171 2224 1207 eum
2251 1152 2470 1207 habere
2494 1153 2639 1207 ἔπα-

340 1224 406 1287 γῤ
443 1218 658 1289 θωτήν,
681 1224 804 1293 ‚qui
833 1223 1000 1292 operi
1031 1240 1137 1277 suo
1166 1233 1493 1277 extremam
1522 1238 1762 1277 manum
1790 1223 2082 1291 imponat.
2153 1223 2252 1277 Sic
2276 1222 2480 1275 affecti
2506 1238 2695 1275 esse--

339 1238 563 1343 degent
593 1290 683 1360 pii
731 1292 1005 1344 doctores
1025 1330 1062 1359 ,.
1093 1302 1160 1345 ut
1192 1310 1312 1344 non
1349 1292 1669 1346 ambitiose
1707 1291 1953 1362 quisque
1984 1292 2058 1344 ad
2084 1291 2376 1344 setrahat
2407 1291 2637 1358 omnia,
2665 1314 2671 1321 ·

339 1359 445 1438 sed
469 1358 573 1411 alii
606 1361 753 1411 alios
783 1361 1061 1414 certatim
1093 1360 1330 1429 iuvent,
1381 1372 1445 1415 et
1466 1360 1734 1442 quisquis
1766 1362 1994 1413 maiore
2021 1377 2295 1414 successu
2328 1359 2641 1412 laborave-

337 1437 452 1493 rit,
486 1428 704 1498 reliqui
734 1429 1113 1496 gratulentur
1140 1430 1369 1499 potius,
1407 1447 1585 1500 quam
1612 1429 1936 1483 invideant.
2008 1419 2219 1499 Neque
2257 1437 2460 1481 tamen
2486 1429 2639 1481 ‘cor-

337 1496 466 1565 rigi
495 1497 684 1550 voluit
711 1488 954 1564 Paulus,
1001 1516 1154 1569 quae
1182 1499 1311 1568 ipse
1341 1500 1433 1550 vel
1459 1499 1722 1563 inscitia,
1771 1498 1866 1551 vel
1895 1497 2232 1564 oblivione,
2271 1499 2366 1550 vel
2391 1497 2644 1550 incuria

341 1566 657 1629 omiserat;
706 1567 806 1617 sed
846 1584 999 1635 quae
1037 1583 1147 1636 per
1185 1567 1474 1634 temporis
1515 1568 1864 1621 brevitatem
1900 1565 2137 1635 exsequi
2169 1583 2293 1617 non
2330 1574 2640 1636 potuerat.

338 1634 612 1703 Denique
651 1652 780 1687 eam
820 1635 1257 1691 correctionem
1283 1637 1426 1691 Tito
1462 1636 1756 1701 iniunxit,
1806 1650 1924 1706 qua
1964 1635 2177 1688 fuisset
2212 1634 2344 1704 ipse
2383 1635 2640 1703 perfun-

342 1713 505 1767 ctus,
542 1702 592 1754 si
619 1701 680 1752 in
709 1703 1143 1757 Creta,diutius
1176 1706 1475 1770 stetisset,
1509 1722 1632 1757 non
1659 1702 1959 1771 variando,
1996 1721 2116 1756 non
2143 1703 2430 1764 mutando
2464 1703 2640 1773 quic-

341 1787 552 1849 quam,
600 1771 734 1838 sed,
790 1773 948 1841 quod
976 1774 1214 1840 deerat,
1256 1774 1524 1827 addendo
1545 1811 1561 1841 ,
1601 1773 1740 1843 quia
1766 1790 1887 1824 non
1915 1772 2035 1825 fert
2062 1773 2258 1838 operis
2287 1772 2640 1839 difficultas,

337 1849 409 1903 ut
435 1839 615 1892 simul
645 1856 763 1893 uno
797 1840 894 1893 die
927 1841 1141 1894 omnia.
1288 1843 1628 1899 constituas
1657 1842 1999 1910 oppidatim.
2082 1841 2209 1893 Hoc
2235 1840 2640 1908 inspirituali

338 1908 609 1960 aedificio
652 1908 783 1961 fere
826 1926 860 1960 a
896 1909 1163 1963 doctrina
1198 1910 1522 1964 secundum
1563 1920 1684 1974 est,
1725 1912 1998 1979 Pastores
2031 1910 2220 1973 creari
2240 1926 2265 1983 ί
2294 1909 2395 1978 qui
2424 1909 2638 1964 Eccle-

339 1975 463 2029 siae
499 1977 918 2045 gubernandae
961 1996 1161 2031 curam
1202 1979 1480 2047 habeant.
1559 1980 1702 2032 Ideo
1741 1996 1886 2048 prae
1904 1978 2061 2031 'aliis
2101 1978 2229 2032 eius
2267 1978 2640 2032 mentionem

334 2044 446 2097 hic
470 2046 685 2101 Paulus
724 2046 895 2100 facit.
979 2047 1319 2116 Diligenter
1353 2049 1471 2101 boc
1509 2047 1869 2112 notandum,
1921 2065 2043 2100 non
2082 2064 2254 2117 posse
2297 2045 2637 2100 incolumes

337 2121 495 2167 stare
529 2115 831 2181 Ecclesias
864 2115 993 2168 sine
1022 2117 1337 2169 Pastorum
1369 2116 1742 2170 ministerio=
1792 2116 2038 2186 proinde
2074 2116 2414 2186 ubicunque
2451 2114 2639 2168 fuerit

336 2182 581 2252 aliquod
623 2184 815 2252 plebis
861 2198 1107 2259 corpus,
1147 2186 1293 2249 ,illic
1333 2185 1801 2254 praeficiendum
1828 2201 1969 2239 esse
2000 2186 2341 2238 Pastorem.
2429 2185 2640 2252 Neque

336 2261 539 2305 tamen
565 2251 817 2321 singulis
842 2246 1080 2321 ‘oppidis
1111 2253 1374 2325 singulos
1405 2254 1687 2308 attribuit
1711 2254 2018 2319 Putares,
2067 2254 2158 2305 ita
2199 2261 2268 2305 ut
2304 2252 2507 2305 nullus
2547 2253 2638 2305 lo·

337 2322 442 2372 cus
471 2321 752 2391 plus·uno
782 2321 1031 2387 habeat3
1078 2324 1182 2377 sed
1206 2323 1399 2379 nullas
1426 2324 1604 2376 urbes
1630 2323 1758 2377 vult
1771 2324 2115 2376 Pastoribus
2145 2320 2411 2375 destitui.
2461 2323 2639 2373 Pr'es-
2692 2360 2695 2365 .

336 2388 566 2457 hyteros
589 2391 683 2442 vel
711 2390 977 2447 seniores
1006 2391 1150 2444 satis
1180 2401 1392 2444 notum
1420 2402 1509 2444 est
1535 2408 1658 2444 non
1685 2392 1757 2446 ab
1785 2402 1980 2445 aetate
2011 2391 2171 2458 dici,
2206 2392 2422 2456 utpote
2494 2405 2667 2445 uum„

334 2457 402 2509 in
455 2476 591 2512 eum
647 2460 913 2513 ordinem
968 2461 1273 2514 interdum
1314 2462 1557 2514 iuvenes
1595 2461 1972 2530 legerentur,
2032 2459 2214 2513 sicuti
2253 2459 2466 2512 Timot
2510 2475 2631 2512 eus.

334 2529 555 2600 Verurn
595 2528 711 2579 hoc
757 2530 1029 2581 omnibus
1068 2529 1296 2598 linguis
1335 2546 1581 2599 semper.
1609 2535 1923 2597 rece-‘ptum
1962 2528 2113 2595 fuit,
2168 2528 2255 2581 sic
2290 2527 2497 2582 vocari
2528 2529 2637 2580 ho-

334 2596 501 2647 noris
530 2613 706 2659 causa
734 2614 937 2649 omnes
973 2599 1428 2666 gubernatores.
1515 2598 1711 2668 Quum
1739 2606 1938 2652 autem
1966 2596 2235 2667 duplices
2259 2596 2446 2650 fuisse
2476 2613 2638 2666 pres-

337 2665 617 2734 byteros,
670 2683 741 2717 ex
782 2666 986 2733 priore
1029 2667 1102 2719 ad
1143 2666 1531 2720 Timotheum
1575 2668 1823 2733 epistola
1867 2666 2258 2734 colligamus:
2328 2673 2639 2734 contextus

334 2733 540 2785 statim
565 2734 875 2800 ostendet,
926 2735 1028 2786 hic
1051 2737 1182 2787 ‘non
1204 2735 1352 2787 alios
1383 2752 1563 2804 quam
1590 2737 1879 2802 Doctores
1906 2734 2215 2814 intelligi,
2235 2735 2496 2801 hoc-est,
2533 2731 2638 2804 qui

337 2802 410 2853 ad
457 2802 786 2857 docendum
836 2804 1300 2871 ordinabantur,
1358 2804 1497 2873 quia
1535 2805 1774 2864 eosdem
1819 2820 1958 2857 mox
1996 2804 2238 2858 vocabit
2281 2803 2638 2871 Episcopus.

336 2870 450 2924 Sed
488 2871 723 2923 videtur
758 2871 1013 2925 nimium
1054 2873 1195 2924 Tito
1227 2873 1616 2941 permittere,
1682 2874 1822 2925 dum
1863 2873 2059 2938 iubet,
2127 2889 2264 2925 eum
2305 2871 2636 2941 praeficere

239 2951 242 2956 '
316 2939 608 3000 ¹omnihus
638 2940 932 2992 Ecclesiis
966 2941 1295 2995 ministros.
1367 2942 1534 2993 Haec
1573 2941 1738 2994 enim
1777 2942 1901 2993 fere
1938 2940 2112 3009 regia
2149 2950 2304 2993 esset
2328 2950 2633 3009 potestas3

338 3008 547 3060 deinde
576 3008 692 3060 hoc
724 3011 899 3062 modo
933 3021 992 3061 et
1020 3011 1277 3080 singulis
1304 3009 1587 3063 Ecclesiis
1617 3011 1713 3062 ius
1747 3009 2042 3078 eligendi,
2083 3017 2141 3061 et
2170 3011 2480 3062 Pastorum
2516 3008 2657 3060 col-x

211 3071 241 3112 ²-
330 3076 495 3145 legio
536 3076 829 3131 iudicium
871 3078 1140 3147 tollitur,
1196 3079 1429 3131 idvero
1463 3087 1616 3131 esset
1645 3089 1833 3131 totam
1861 3094 2091 3130 sacram
2117 3078 2422 3131 Ecclesiae
2448 3074 2640 3129 admi-

294 3146 743 3199 ‘nisti-ationem
772 3143 1128 3215 profanare.·
1185 3150 1410 3216 Verum
1448 3149 1760 3215 responsio
1799 3147 2000 3199 facilis
2042 3154 2175 3213 est,
2211 3164 2333 3198 non
2365 3141 2640 3215 permitti

335 3214 592 3266 arbitrio
623 3214 782 3281 Titi,
828 3225 897 3267 ut
933 3233 1083 3268 unus
1128 3215 1313 3284 possit
1353 3216 1550 3269 omnia
1587 3227 1648 3269 et
1676 3217 1833 3285 -quos
1868 3216 2131 3269 voluerit
2158 3215 2491 3290 Episcopos
2523 3215 2639 3267 Ec-

336 3281 536 3336 clesiis
564 3283 837 3351 imponat
861 3301 877 3347 3
928 3284 1031 3335 sed
1060 3292 1299 3337 tantum
1327 3286 1531 3352 iubet,
1583 3296 1650 3337 ut
1680 3284 2077 3337 electionibus
2102 3284 2333 3353 praesit
2359 3294 2639 3351 tanquam

332 3352 709 3415 moderator,
749 3352 932 3405 sicuti
957 3370 1197 3405 necesse
1230 3365 1333 3408 est.
1404 3354 1570 3404 Haec
1597 3352 1871 3423 loquutio
1899 3355 2039 3405 satis
2069 3353 2218 3405 trita
2252 3359 2365 3407 eit.
2429 3352 2525 3404 Sic
2548 3351 2639 3402 di-

332 3420 499 3473 citur
530 3419 784 3484 Consul,
834 3429 935 3472 aut
964 3423 1266 3489 Interrex,
1319 3432 1423 3475 aut
1451 3424 1729 3477 Dictator
1759 3422 2345 3484 Consules-creasse,
2399 3420 2505 3490 qui
2538 3437 2641 3473 co·

332 3489 505 3542 mitia
544 3488 835 3557 ‘eligendis
875 3488 999 3541 illis
1040 3490 1273 3543 habuit.
1346 3490 1443 3543 Sic
1473 3508 1706 3561 quoque
1735 3492 1808 3544 de
1840 3490 2024 3542 Paulo
2055 3501 2114 3543 et
2141 3492 2408 3544 Barnaba
2437 3488 2640 3558 loqui-

332 3557 526 3610 turin
560 3557 725 3612 Actis
758 3559 948 3611 Lucas
979 3560 1135 3624 (Act.
1167 3558 1252 3625 14,
1282 3558 1392 3622 23.)
1413 3578 1429 3611 ε
1481 3577 1603 3612 non
1643 3560 1800 3629 quod
1841 3558 1956 3611 soli
1995 3559 2431 3628 praeficerent,
2469 3555 2642 3629 quasi

329 3643 443 3695 pro
490 3626 782 3693 imperio,
854 3628 1129 3681 Pastores
1163 3627 1633 3681 Ecclesiis‘nec
1665 3629 1956 3696 probatos
2002 3629 2115 3681 nec
2162 3630 2473 3697 cognitos;
2538 3625 2640 3679 sed

333 3694 479 3814 guia
511 3695 764 3749 idoneos
790 3695 1099 3761 homines,
1156 3696 1264 3765 qui*
1286 3714 1326 3751 a,
1346 3697 1569 3764 populo
1604 3697 1784 3750 electi
1815 3697 1909 3749 vel
1936 3698 2183 3765 expetiti
2210 3698 2487 3762 fuerant,
2544 3710 2638 3746 or·

374 3762 631 3816 inarent.
671 3764 1001 3818 *Discimus
1029 3764 1271 3835 quidem
1301 3782 1371 3824 ex
1396 3765 1702 3832 hocloco,
1731 3783 1853 3819 non
1883 3782 2011 3818 eam
2041 3766 2229 3819 fuisse
2256 3776 2402 3822 tunc
2429 3780 2644 3831 aequa-

331 3830 565 3884 litatem
601 3832 763 3885 inter
803 3832 1109 3886 Ecclesiae
1147 3834 1486 3901 ministros,
1539 3834 1684 3906 quin
1723 3851 1873 3887 unus
1919 3834 2134 3905 aliquis
2180 3834 2542 3888 auctoritate
2582 3840 2642 3883 et

335 3898 591 3953 consilio
622 3912 964 3968 praeesset3
1019 3902 1168 3954 nihil
1194 3911 1396 3955 tamen
1422 3903 1538 3956 hoc
1567 3905 1649 3956 ad·
1666 3902 2046 3970 tyrannicum
2077 3913 2137 3956 et
2167 3903 2487 3973 profanum
2516 3900 2640 3953 col-

309 3969 630 4026 „lationum
673 3986 933 4036 morem,
996 3970 1102 4042 qui
1140 3971 1468 4040 inxPapatu
1507 3981 1742 4043 regnat.
1815 3974 2017 4043 Longe
2058 3972 2220 4028 enim
2252 3972 2493 4031 diversa
2526 3965 2659 4052 fuit,

334 4037 767 4109 Apostolorum
796 4039 978 4092 ratic.
1113 4067 1114 4070 ¹

469 4108 526 4159 6.
604 4108 666 4157 Si
710 4109 845 4175 quis
884 4109 1203 4176 asscrimine
1249 4110 1406 4161 imm.
1491 4108 1584 4162 Ne
1613 4108 1742 4178 quis
1773 4110 1904 4164 Tito
1934 4118 2314 4172 succenseat,
2353 4124 2469 4189 qua
2502 4104 2642 4159 ini-

333 4172 526 4228 mium
565 4174 637 4226 sit
675 4186 1089 4230 morosus›aut
1125 4193 1371 4250 severus
1417 4176 1702 4246 quosdam
1728 4178 2113 4248 repellendo,
2149 4171 2342 4231 totam
2368 4191 2431 4228 in
2492 4192 2525 4226 e
2551 4174 2643 4226 in·

331 4242 563 4296 sidiam
589 4244 805 4297 Paulus
842 4245 1152 4297 transfert.
1228 4246 1302 4299 Se
1345 4247 1501 4299 enim
1537 4245 1631 4298 ‘ita
1673 4246 1899 4301 diserte,
1933 4245 2241 4300 mandasse
2279 4242 2641 4313 pronuntiat,

332 4328 411 4363 ne
437 4311 589 4384 ¹quis
627 4312 1019 4380 admittatur,
1072 4312 1190 4366 nisi
1233 4314 1473 4383 qualem
1515 4313 1617 4368 bic
1656 4314 1959 4369 describit.
2029 4317 2190 4384 Er‘go
2227 4312 2412 4368 sicuti
2451 4326 2643 4383 nuper

329 4380 541 4460 Titum
579 4383 1031 4452 praefectum]
1066 4400 1129 4437 se
1167 4385 1614 4437 moderatorem
1650 4384 1921 4438 creandis
1948 4383 2297 4438 Pastor-ibus
2330 4381 2515 4438 fuisse
2550 4389 2643 4434 te-

339 4513 348 4522 .
507 4487 523 4518 33
566 4483 569 4498 n

417 4557 424 4560 .
513 4543 532 4574 ιι
743 4553 754 4561 .
963 4559 968 4568 ,

552 4598 567 4613 s

489 4647 504 4660 ι
637 4641 650 4654 Ν

611 4695 614 4698 A
666 4666 684 4670 “
907 4675 932 4690 κ.

605 4763 630 4786 ,Ἣ
