2820 4895
594 333 602 345 ,
691 264 827 330 AD
892 218 1475 369 nl-:BRAEOS
1545 263 1861 334 estvm
2309 269 2437 333 427¹

224 387 246 429 Χ

1055 468 1286 553 cap.
1342 473 1474 544 Vl.

133 648 191 706 1.
257 608 543 725 Quare,
598 639 855 701 omisso
883 656 1196 701 sermone
1224 641 1547 726 principii
1579 636 1885 716 Christi,
1939 640 2024 703 ad
2054 637 2443 725 perfectio*

126 748 290 792 nem
322 723 644 798 feramur,
693 743 828 784 non
859 725 1184 786 iacientes
1214 743 1485 786 rursum
1518 720 2032 787 fundamentum
2061 727 2433 810 poeniten-

126 814 267 875 tiae
295 811 377 871 ab
407 808 729 892 operibus
758 808 1043 868 mortuis
1075 817 1141 870 et
1171 807 1325 870 fidei
1353 810 1424 869 in
1457 808 1714 882 Deum,
1756 882 1759 885 ,
1809 811 1870 869 2.
1916 806 2439 891 (Ba'ptis'rnatuni

106 895 517 971 doctrinae,
576 903 645 953 et
679 893 1139 979 impositionis
1181 890 1631 974 manuum)et
1670 896 2198 957 resurrectionis
2237 893 2433 954 mbr-

126 991 444 1052 tuorum,
491 986 558 1038 et
587 973 822 1037 iudicii
851 977 1133 1047 aeterni.
1233 974 1238 979 ’

196 1114 209 1132 “
276 1113 326 1162 1.
411 1106 601 1175 Quare
643 1108 858 1159 omisso
899 1118 1014 1161 ete.
1114 1109 1551 1178 Obiurgationi‘
1581 1107 1830 1165 subiicit
1867 1109 2310 1176 hortationem,
2367 1120 2441 1165 ut,

131 1176 477 1252 praeteritis
516 1175 708 1228 initiis
749 1177 1213 1245 progrediantur
1248 1181 1323 1245 ad
1368 1190 1606 1232 metam.
1678 1181 1830 1232 Nam
1862 1179 2187 1230 Sermonem
2212 1181 2440 1244 princi*
2540 1184 2543 1191 ¹

132 1250 222 1320 pii
245 1244 789 1318 'prima-tyrocinia
830 1255 1035 1310 vocat,
1069 1248 1637 1316 „quibus'imhuendi
1669 1257 1807 1299 sunt
1831 1247 2045 1312 rudes,
2097 1248 2234 1299 dum
2264 1247 2449 1318 ‘reci-v

133 1319 380 1389 piuntur
407 1316 468 1379 in
489 1312 838 1367 Ecclesiam.
911 1315 1091 1367 Iubet
1118 1327 1316 1369 autem
1348 1317 1553 1369 omitti
1584 1316 1879 1368 ,eiusmodi
1908 1316 2270 1383 rudimenta,
2308 1333 2431 1369 non

135 1387 293 1457 quod
334 1399 544 1435 eorum
585 1381 860 1434 oblivisci
904 1399 1159 1452 unquam
1197 1384 1452 1438 debeant
1484 1385 1732 1451 ¹fideles,
1769 1383 1870 1435 sed
1900 1384 2039 1458 quiq
2068 1384 2129 1439 in
2162 1383 2288 1437 illis
2317 1385 2432 1439 mi-

133 1456 298 1507 nime
328 1461 417 1504 est
441 1451 824 1504 haerendum.
889 1452 1062 1521 Quod
1089 1452 1300 1506 melius
1327 1463 1494 1523 patet
1525 1471 1593 1507 ex
1607 1453 1990 1519 fundamenti
2019 1452 2431 1520 similitudine,

138 1540 289 1593 quae
326 1537 467 1573 mox
506 1520 789 1588 sequitur.
877 1523 1027 1575 Nam
1072 1518 1137 1574 in
1178 1523 1538 1579 exstruenda
1582 1522 1758 1573 domo
1799 1538 2102 1592 nunquam
2145 1539 2177 1572 a
2221 1521 2429 1574 funda-

134 1601 337 1645 mento
383 1589 691 1647 discedere
731 1598 1009 1657 oportet3
1080 1590 1147 1641 in
1188 1609 1259 1643 eo
1296 1598 1492 1645 tamen
1524 1591 1812 1643 ¹iaciendo
1853 1607 2088 1659 semper
2129 1590 2432 1655 laborare,

134 1658 486 1714 ridiculum.
568 1658 718 1709 Nam
760 1675 941 1728 quum
982 1659 1436 1712 fundamentum
1474 1659 1729 1723 aedificii
1777 1651 1953 1711 causa
1995 1667 2286 1727 ponatur,
2322 1660 2430 1729 qui

97 1729 195 1787 ,in
234 1727 401 1779 illius
442 1730 743 1778 structura
783 1737 1104 1796 occupatus
1143 1728 1216 1779 ad
1253 1728 1636 1797 superficiem
1662 1745 1781 1781 non
1805 1727 2209 1793 transcendit,
2238 1731 2429 1787 stulto

132 1810 198 1851 et
233 1793 437 1849 inutili
478 1811 539 1846 se
576 1794 782 1849 labore
816 1798 1048 1864 fatigat.
1114 1797 1392 1867 Denique
1429 1798 1604 1850 sicuti
1642 1813 1673 1847 a
1713 1796 2102 1850 fundamento
2141 1797 2431 1849 inchoan-

131 1868 426 1930 dumsest,
461 1863 545 1914 sic
579 1879 906 1931 properare
934 1866 1110 1916 debet
1140 1865 1310 1918 labor
1340 1866 1658 1920 architecti
1687 1865 1756 1915 ad
1787 1865 2026 1917 domum
2060 1864 2441 1934 erigendam„

131 1933 362 1988 Similis
391 1940 483 1983 est
507 1931 956 1985 Christianismi
988 1935 1178 1998 ratio;
1234 1952 1373 1987 nam
1404 1935 1468 1989 in
1499 1931 1850 1986 rudimentis
1879 1931 2049 2003 quasi
2074 1933 2430 1997 fundamur;

133 2005 235 2057 sed
266 2000 548 2054 continuo
581 2009 719 2068 post
747 2001 1124 2071 sequi‚debet
1153 2002 1335 2056 altior
1366 2002 1672 2069 doctrina,
1724 2019 1873 2071 quae
1913 2001 2253 2055 aedificium
2296 2019 2430 2070 per·

107 2061 325 2126 ‘ficiam
412 2073 617 2138 Itaque
654 2080 1037 2140 praepostere
1072 2071 1337 2137 faciunt,
1371 2073 1478 2141 ¹qui
1511 2069 1820 2124 subsidunt
1846 2070 1909 2120 in
1939 2069 2144 2139 primis
2174 2071 2431 2123 elemen-

130 2144 212 2194 tis
239 2179 255 2206 ,
309 2133 448 2209 quia
486 2136 719 2191 nullum
749 2139 972 2191 hahent
1012 2139 1191 2192 finem
1232 2144 1638 2210 propositum,
1676 2156 1744 2191 ac
1772 2139 1820 2190 si
1855 2136 2212 2192 architectus
2241 2149 2431 2193 totam
2526 2122 2537 2156 'f

135 2225 386 2277 operam
414 2208 478 2257 in
506 2207 892 2259 fundamento
929 2209 1592 2275 consumeret‚;relicta
1629 2207 1972 2261 aedificandi
2007 2224 2172 2258 cura.
2262 2209 2428 2277 Ergo

130 2279 224 2332 sic
263 2279 445 2329 fidem
483 2284 746 2327 nostram
786 2276 911 2329 vult
952 2277 1132 2329 initio
1173 2278 1443 2342 fundari,
1484 2286 1552 2330 ut
1581 2264 1816 2331 sursu²m
1846 2293 1908 2327 se
1936 2275 2207 2343 attollat,
2246 2278 2431 2332 donec

133 2343 503 2418 quotidianis
528 2344 921 2396 incrementis
949 2346 1192 2401 tandem
1219 2347 1591 2400 absolvatur.
1736 2347 2141 2397 poenitentiae
2189 2347 2256 2396 ab
2301 2366 2434 2411 ope-

138 2418 301 2469 ribus
328 2414 592 2467 mortuis.
654 2413 763 2465 Hic
792 2416 1056 2483 respexit
1082 2415 1154 2473 ad
1184 2417 1475 2471 usitatam-
1495 2412 1843 2473 catechismi
1867 2413 2210 2482 formulam.
2262 2414 2430 2470 Unde

135 2483 468 2556 probabilis
501 2483 844 2535 coniectura
874 2486 1025 2537 sumi
1058 2494 1289 2553 potest,
1330 2487 1646 2554 epistolam
1674 2485 1826 2536 hanc
1853 2501 1968 2535 non
2001 2483 2205 2536 statim
2230 2485 2303 2535 ab
2333 2503 2431 2537 ex·-

137 2556 304 2607 ordio
345 2551 714 2620 promulgati
743 2553 1055 2621 Evangelii
1103 2554 1389 2624 scriptam
1433 2572 1590 2620 esse,
1638 2554 1739 2605 sed
1784 2549 1962 2623 quum
2000 2552 2117 2603 iam
2164 2553 2430 2623 aliquam

139 2622 711 2694 politiae‘rationem
740 2623 802 2671 in
830 2622 1112 2673 Ecclesiis
1147 2625 1530 2677 constitutam
1560 2623 1885 2674 haberent:
1925 2638 1991 2672 ea
2026 2631 2189 2690 erat,
2242 2632 2307 2678 ut
2333 2641 2430 2676 ca·

135 2690 559 2753 techumenus,
600 2690 940 2758 priusquam
969 2693 1386 2745 admitteretur
1415 2694 1487 2743 ad
1522 2693 1910 2761 Baptismum,
1947 2689 2086 2742 fidei
2118 2708 2257 2743 suae
2288 2708 2432 2743 con·
2482 2721 2487 2733 ·

137 2760 467 2814 sessionem
497 2759 719 2809 ederet.
794 2759 983 2812 Erant
1011 2770 1207 2812 autem
1235 2772 1397 2818 certa
1428 2764 1618 2829 capita
1639 2798 1654 2826 ,
1695 2762 1768 2811 de
1796 2759 2008 2827 quibus
2029 2759 2236 2810 Pastor
2271 2763 2433 2812 cate·
2468 2788 2471 2792 ν

141 2830 503 2881 chumenum
531 2827 979 2895 interrogabat,
1032 2829 1524 2898 quemadmodum
1564 2847 1635 2881 ex
1676 2828 1848 2879 variis
1884 2837 2119 2896 patrum
2160 2828 2431 2882 testimo·

49 2897 54 2904 ’
140 2897 257 2950 niis
294 2904 544 2948 constat.
616 2896 1001 2952 ,Praesertim
1050 2897 1121 2948 de
1165 2899 1482 2965 Symbolo,
1545 2897 1701 2967 quod
1745 2896 2155 2963 Apostolicum
2195 2906 2432 2964 vocant,

147 2981 394 3028 examen
435 2963 789 3016 habebatur.
861 2965 973 3024 llle
1009 2969 1238 3033 primus
1276 2968 1443 3036 quasi
1489 2967 1792 3036 ingressus
1838 2964 1963 3018 erat
2003 2964 2064 3015 in
2102 2966 2431 3019 Ecclesiam

140 3034 258 3099 iis,
306 3032 403 3101 qui
440 3033 559 3086 iarn
600 3033 780 3085 adulti
822 3033 1056 3086 Christo
1097 3049 1315 3088 nomen
1358 3038 1612 3101 dabant,
1664 3033 2040 3104 quumffprius
2070 3034 2248 3085 alieni
2280 3034 2430 3087 fuis-

140 3111 279 3155 sent
314 3104 383 3151 ab
410 3103 549 3170 ⁴eius
586 3100 720 3153 fide.
804 3102 992 3153 Huius
1021 3104 1199 3162 moris
1226 3105 1356 3156 ideo
1391 3104 1664 3156 meminit
1695 3102 2049 3171 Apostolus,
2090 3103 2225 3171 quia
2255 3103 2433 3155 breve

136 3183 379 3239 tempus
408 3170 847 3222 catechumenis
875 3174 1201 3236 praefixum
1230 3185 1391 3237 erat,
1432 3190 1544 3241 quo
1574 3173 1661 3224 ita
1687 3172 2071 3223 initiarentur
2099 3173 2158 3221 in
2193 3170 2433 3239 pietatis

144 3239 427 3293 doctrina
500 3224 989 3306 quemadmodum
1026 3259 1242 3308 pueros
1273 3243 1556 3309 magister
1583 3242 1648 3292 in
1680 3240 1997 3308 alphabeto
2029 3238 2326 3303 instituit,
2363 3246 2432 3291 ut

77 3371 80 3376 ἱ
141 3308 352 3360 statim
390 3276 562 3357 allius
604 3326 703 3359 eos
745 3310 1130 3361 transmittat.
1203 3313 1317 3364 Sed
1342 3311 1775 3378 expendamus,
1814 3326 1961 3378 quae
1993 3308 2152 3361 dicit.
2206 3310 2432 3360 Poeni-

143 3377 400 3432 tentiam,
434 3383 494 3425 et
525 3378 706 3444 fidem
745 3378 1048 3445 nominat,
1101 3379 1315 3447 quibus
1352 3387 1586 3432 constat
1626 3388 1754 3431 tota
1780 3376 2085 3446 Evangelii
2115 3376 2431 3446 perfectio.

142 3446 301 3514 Quid
339 3442 496 3502 enim
537 3445 699 3497 aliud
740 3448 1043 3514 Apostolis
1086 3449 1205 3500 suis
1248 3450 1486 3501 mandat
1513 3447 1816 3512 Christus,
1869 3463 2043 3515 quam
2073 3457 2138 3498 ut
2167 3446 2345 3497 fidem
2375 3453 2436 3495 et

137 3513 579 3585 poenitentiam
608 3515 1000 3582 praedicent?
1072 3519 1282 3585 Itaque
1319 3534 1502 3585 quum
1544 3516 1753 3567 testari
1797 3516 1924 3567 vult
1952 3515 2168 3566 Paulus
2205 3531 2266 3564 se
2306 3513 2437 3564 offi-

141 3584 241 3633 cio
269 3598 374 3632 suo
402 3582 665 3633 fideliter
693 3600 820 3635 esse
851 3585 1258 3654 perfunctum,
1296 3602 1456 3642 suam
1488 3586 1548 3636 in
1578 3584 1666 3635 his
1698 3584 1923 3648 duobus
1947 3581 2320 3636 inculcandis
2346 3582 2435 3631 di-

141 3649 467 3717 ligentiam
513 3660 571 3701 et
610 3651 1023 3705 assiduitatem
1068 3654 1309 3722 allegat.
1401 3654 1729 3705 Absurdum
1771 3669 1915 3721 ergo
1965 3652 2228 3714 videtur,
2280 3649 2454 3718 quod·

139 3719 466 3787 Apostolus
494 3721 923 3788 poenitentiam
953 3732 1010 3772 et
1036 3722 1211 3774 fidem
1240 3721 1439 3775 omitti
1464 3723 1663 3787 iubet,
1701 3721 1765 3772 in
1803 3721 2017 3789 quibus
2060 3718 2433 3788 pergendum
2508 3750 2517 3754 »
2564 3737 2575 3742 ’

142 3796 278 3840 erat
320 3795 449 3837 toto
491 3789 645 3840 vitae
686 3807 876 3842 cursu.
953 3793 1169 3843 Verum
1200 3809 1379 3864 quum
1407 3791 1602 3842 addit:
1652 3792 1720 3840 ab
1750 3790 2012 3855 operibus
2046 3788 2323 3853 mortuis,
2364 3789 2437 3840 si·

146 3855 403 3927 gnificat
431 3872 491 3906 se
523 3856 595 3907 de
621 3856 844 3910 initiali
875 3860 1236 3926 poenitentia
1264 3860 1450 3928 loqui.
1539 3858 1807 3911 Tametsi
1838 3858 1993 3909 enim
2022 3873 2196 3908 omne
2225 3872 2435 3924 pecca-

141 3938 277 3978 tum
321 3934 622 3977 mortuum
666 3934 756 3980 est
799 3944 980 3996 opus,
1021 3928 1115 3979 vel
1145 3929 1281 3998 quia
1311 3938 1565 3980 mortem
1597 3934 1850 3995 generat
1875 3962 1890 3989 ,
1930 3925 2050 3977 vel*
2102 3926 2191 3977 uia
2223 3942 2292 3975 ex
2318 3926 2434 3991 spi-

144 3993 360 4046 rituali
395 3993 624 4045 anim'ae
666 4005 861 4048 morte
899 3998 1205 4065 procedit:
1237 4006 1460 4049 ¹tamen
1503 3996 1743 4061 fideles,
1790 3994 1890 4063 qui
1918 3994 2036 4046 iam
2107 3994 2287 4062 piritu
2320 3992 2435 4045 Dei

142 4060 347 4115 renati
388 4071 555 4128 sunt,
605 4079 724 4112 non
768 4065 1047 4117 dicuntur
1082 4067 1328 4134 proprie
1367 4065 1719 4133 resipiscere
1748 4063 1820 4115 ab
1858 4062 2138 4132 operibus
2162 4061 2437 4116 mortuis.

143 4131 556 4198 Regeneratio
593 4132 831 4201 quidem
871 4134 932 4184 in
976 4134 1096 4186 illis
1141 4142 1232 4185 est
1271 4135 1590 4196 inclinatu
1653 4132 1749 4184 sed
1790 4131 2117 4201 quamlibet
2159 4131 2438 4197 exiguum

142 4216 340 4251 novae
373 4197 532 4250 vitae
560 4217 759 4251 semen
789 4202 901 4256 hoc
932 4204 1139 4255 saltem
1166 4203 1342 4268 facit,
1382 4211 1449 4254 ut
1474 4219 1590 4253 non
1624 4200 1877 4269 amplius
1905 4199 2125 4251 mortui
2158 4200 2439 4251 censean-

145 4276 257 4319 tur
284 4283 492 4328 coram
520 4268 675 4319 Deo.
746 4272 903 4342 Ergo
944 4288 1057 4323 non
1095 4271 1461 4338 generaliter
1499 4269 2142 4337 totam1poenitentiam
2169 4282 2437 4334 compre-
2530 4267 2533 4270 ’

109 4373 110 4376 =
143 4336 367 4394 hendit
395 4338 742 4404 Apostolus,
789 4341 958 4391 cuius
987 4342 1289 4392 meditatio
1320 4356 1508 4409 usque
1537 4340 1608 4389 ad
1634 4339 1813 4390 finem
1840 4323 2284 4407 vigere‘deben
2335 4334 2439 4386 sed

144 4404 396 4474 initium
410 4405 656 4469 stantum
678 4409 1280 4482 poenitentiaefnotat
1296 4446 1313 4477 ,
1347 4427 1467 4486 quq
1497 4406 1879 4486 auspicantur
1905 4407 2065 4460 vitae
2085 4402 2439 4470 novitatem,

1211 4619 1280 4698 t..
