2820 4895
288 257 433 342 ‘iffi
782 219 787 222 ²
847 265 962 333 m
996 263 1652 336 mus-roma
1687 213 2049 338 vmmm

307 445 532 514 tiones
555 448 812 505 vestras
839 438 911 499 in
936 431 1214 502 Christo
1240 436 1415 507 lesu,
1494 435 1556 499 8.
1597 431 1802 517 Quod
1832 431 2171 518 reliquum
2201 442 2303 497 est
2328 429 2624 508 fratres*
2694 429 2704 444 ⁴

308 529 750 613 quaecunque
787 533 946 586 sunt
982 539 1172 598 vera,
1227 539 1666 603 quaecunque
1703 521 1967 606 gravia,
2018 536 2457 602 quaecunque
2485 518 2604 578 iu-

313 624 456 689 sta,
520 626 959 691 quaecunque
990 626 1205 696 pura,
1277 625 1717 691 quaecunque
1756 602 2065 668 amabilia
2083 647 2112 694 ,Ι
2166 605 2605 685 quaecunque

316 698 633 763 honesta:
675 694 866 775 siqua
896 694 1135 766 virtue,
1179 703 1246 755 et
1273 695 1463 773 siqua
1490 686 1660 774 lana,
1703 689 1866 766 haec
1894 693 2215 772 cogitate:
2303 691 2363 751 9.
2412 682 2609 767 Quae

319 777 391 850 et
433 777 803 854 didicistis,
854 788 922 839 ct
966 779 1398 861 suscepistiS,
1456 786 1525 838 et
1571 773 1892 851 audistis,
1953 785 2021 837 et
2056 771 2322 839 vidistis
2364 772 2436 833 in
2475 788 2607 832 me.

262 938 274 949 ⁸
318 867 487 943 haec
515 860 753 939 facite,
791 872 859 925 et
888 859 1070 926 Deus
1090 859 1283 949 'pacis
1309 862 1438 925 erit
1463 860 1840 922 nobiscum.

458 984 517 1037 4.
601 982 959 1036 Garsauria
989 983 1256 1036 Domino.
1339 982 1691 1035 Exhortatio
1728 989 1815 1032 est
1854 978 2241 1048 temporibus
2270 979 2614 1031 accommo-

322 1056 483 1111 data.
566 1051 862 1124 Quoniam
903 1053 1058 1105 enim
1102 1061 1292 1105 status
1329 1052 1567 1121 piorum
1609 1049 1777 1102 valde
1810 1048 2084 1102 turbatus
2126 1057 2292 1115 erat,
2347 1047 2614 1116 undique

323 1124 390 1177 in
437 1122 690 1175 ruebant
715 1121 1022 1191 pericula:
1072 1120 1211 1173 fieri
1239 1129 1482 1192 poterat
1511 1129 1578 1173 ut
1602 1124 1876 1171 moerore
1919 1118 2015 1169 vel
2054 1117 2427 1186 impatientia
2467 1107 2622 1166 victi?

324 1140 671 1248 degam-ent.
753 1189 916 1257 Ergo
960 1205 1062 1240 eos
1106 1189 1337 1244 infestis
1377 1199 1439 1242 et
1475 1186 1843 1242 turbulentis
1881 1187 2061 1240 rebus
2099 1185 2500 1239 nihilominus
2541 1183 2616 1235 in

327 1260 588 1324 Domino
630 1259 891 1329 gaudere
926 1257 1117 1311 iubet.
1169 1266 1236 1311 ut
1260 1267 1424 1310 certe
1453 1267 1582 1311 tum
1607 1255 1865 1308 maxime
1887 1254 2234 1323 spirituales
2260 1251 2619 1306 consolatio-

327 1347 462 1396 nes,
505 1325 715 1399 quibus
748 1343 850 1379 nos
878 1327 1174 1379 Dominus
1199 1326 1394 1379 reficit
1421 1329 1480 1381 et
1510 1325 1823 1390 exhilarat,
1860 1323 1981 1376 vim
2010 1340 2175 1376 suam
2205 1339 2478 1375 exserere
2509 1321 2621 1373 'de-

325 1400 508 1465 bent‚
557 1413 737 1467 quum
779 1404 942 1448 totus
977 1394 1229 1448 mundus
1268 1394 1344 1454 ad
1383 1393 1859 1464 desperationem
1893 1391 2339 1444 nos⁸sollicitat.
2410 1391 2622 1457 Repu·

328 1467 575 1520 tandum
615 1474 813 1517 autem
855 1480 926 1516 ex
967 1462 1419 1517 circumstantia
1456 1463 1775 1534 temporis,
1826 1478 1999 1532 quam
2035 1461 2247 1513 efficax
2267 1458 2466 1513 fuerit
2498 1471 2622 1510 vox

328 1537 446 1589 ista
471 1551 504 1587 a
531 1532 700 1587 Pauli
729 1549 831 1585 ore
860 1534 1108 1596 emissa,
1146 1531 1250 1603 qui
1286 1533 1611 1602 praecipua
1645 1530 1927 1585 tristitiae
1969 1547 2147 1582 causa
2190 1546 2316 1582 esse
2339 1537 2618 1597 poterat·-

328 1606 487 1657 Nam
528 1603 582 1655 si
624 1600 1183 1671 persequutionibus
1224 1611 1557 1667 terrentur,
1610 1609 1714 1653 aut
1746 1598 2047 1665 'vinculis,
2098 1607 2202 1651 aut
2239 1597 2453 1662 exilio,
2505 1603 2624 1649 aut
2689 1595 2698 1612 ¹

330 1681 563 1726 morte:
609 1669 711 1723 hic
747 1669 806 1720 in
849 1670 1113 1723 medium
1149 1669 1350 1739 prodit
1378 1670 1728 1739 Apostolus,
1775 1667 1875 1738 qui
1896 1667 2060 1719 inter
2090 1667 2361 1729 vincula,
2397 1665 2460 1716 in
2486 1682 2623 1718 me-

270 1769 279 1772 *
332 1741 435 1795 dio
462 1741 683 1793 ardore
751 1739 1275 1807 ersequutionum,
1321 1738 1384 1789 in
1418 1738 1911 1808 mortis-denique
1937 1743 2103 1789 metu
2129 1753 2252 1788 non
2281 1734 2455 1787 modo
2489 1735 2624 1787 lae·

332 1820 428 1864 tus
468 1816 590 1873 est,
637 1756 742 1862 seg
774 1808 920 1861 alios
959 1824 1188 1877 quoque
1227 1807 1539 1860 exhilarat.
1621 1809 1864 1862 Summa
1898 1805 2097 1874 igitur
2139 1815 2260 1858 est:
2314 1802 2626 1874 Quicquid

335 1876 658 1944 acciderit,
703 1875 908 1929 fideles
936 1885 1132 1928 tamen
1150 1913 1168 1942 ,
1216 1875 1320 1945 qui
1347 1885 1603 1929 stantem
1634 1895 1666 1929 a
1693 1888 1863 1944 parte
1888 1891 1988 1927 sua
2013 1873 2341 1926 Dominum
2367 1873 2622 1938 habent,

333 1947 561 2000 habere
610 1945 754 1998 satis
788 1945 1048 2014 amplam
1086 1944 1385 2013 gaudendi
1427 1947 1761 1998 materiam.
1831 1943 2130 2011 Repetitio
2158 1941 2622 2011 amplificationi

334 2013 548 2080 servit,
596 2031 667 2067 ac
703 2014 756 2066 si
795 2011 1056 2066 diceret:
1110 2014 1200 2069 Sit
1235 2014 1352 2067 hoc
1390 2014 1559 2066 vobis
1597 2015 1835 2067 firmum
1874 2021 1933 2064 et
1972 2010 2222 2077 stabile,
2263 2007 2519 2079 gaudere
2547 2010 2625 2063 in.

337 2082 633 2147 Domino;
682 2099 878 2153 neque
914 2081 976 2134 id
1012 2082 1088 2134 ad
1126 2091 1530 2144 momentum,
1583 2082 1688 2135 sed
1722 2093 1790 2135 ut
1825 2079 2104 2150 gaudium
2140 2081 2203 2131 in
2242 2096 2312 2131 eo
2350 2087 2626 2142 vestrum

337 2159 748 2223 perpetuetur.
814 2152 986 2215 ,Nam
1016 2161 1183 2205 certe
1206 2152 1271 2204 in
1299 2169 1371 2204 eo
1399 2152 1604 2204 differt
1632 2169 1665 2204 a
1694 2150 1908 2221 gaudio
1936 2147 2144 2203 mundi
2162 2186 2181 2214 ,
2222 2148 2380 2219 quod
2409 2148 2621 2216 fallax,

341 2220 664 2287 caducum,
716 2219 1024 2273 evanidam
1065 2237 1190 2274 esse
1230 2219 1608 2289 experimurz
1670 2220 1943 2273 Christus
1978 2227 2176 2271 autem
2215 2218 2395 2270 etiam
2431 2217 2623 2270 male·
2721 2257 2734 2272 ,

338 2291 565 2342 dictum
608 2304 733 2341 esse
772 2289 1132 2357 pronuntiat
1185 2291 1349 2356 (Luc.
1383 2289 1438 2356 6,
1472 2289 1603 2354 250.
1700 2289 1862 2357 Ergo
1902 2286 2055 2340 illud
2095 2286 2334 2346 demum
2369 2285 2435 2340 in
2480 2288 2619 2340 Deo

337 2357 522 2420 fixum
550 2357 830 2427 gaudium
856 2365 979 2425 est,
1016 2358 1171 2427 quod
1199 2374 1501 2428 nunquam
1528 2356 1699 2411 nobis
1728 2356 2052 2410 excutitur.
2405 2375 2410 2378 ·

477 2426 528 2480 5.
600 2424 912 2480 Moderatio
939 2436 1146 2480 vestra.
1217 2427 1568 2498 Dupliciter
1593 2436 1790 2498 potest
1816 2422 2053 2506 erponi.
2094 2422 2191 2479 vel
2219 2423 2376 2494 quod
2403 2422 2623 2478 iubeat

339 2513 439 2551 eos
482 2498 680 2566 potius
722 2496 931 2549 cedere
976 2497 1048 2548 de
1093 2496 1226 2550 iure
1262 2513 1404 2565 suo,
1453 2513 1628 2567 quam
1667 2505 1734 2550 ut
1763 2495 1835 2547 de
1866 2496 2137 2564 ipsorum
2161 2493 2497 2546 acerbitate
2524 2494 2623 2548 vel
2648 2484 2674 2525 ‘¹
2727 2519 2744 2527 ff

338 2564 540 2636 rigore
577 2563 899 2635 quisquam‘
927 2566 1092 2634 queri
1132 2566 1339 2635 possit3
1392 2582 1461 2618 ac
1504 2565 1555 2618 si
1597 2566 1870 2618 dixisset:
1923 2564 2145 2617 Omnes
2179 2562 2395 2634 quibua
2423 2562 2626 2616 vobis·

340 2638 477 2686 ‘cum
518 2643 612 2687 est
652 2631 873 2701 aliquid
912 2633 1175 2704 negotii,
1222 2645 1479 2687 vestram
1518 2653 1586 2688 ae
1633 2634 1879 2688 uitatem
1914 2641 1975 2685 et
2013 2633 2450 2687 humanitatem
2483 2647 2624 2683 sen-

344 2703 518 2755 tiant.
569 2712 636 2754 ut
669 2701 881 2753 notitia
930 2702 1398 2771 experimentum
1437 2703 1594 2772 signi
1642 2711 1758 2756 cet.
1829 2702 1933 2754 Vel
1974 2702 2128 2771 quod
2172 2717 2271 2752 eos
2308 2701 2380 2752 ad
2417 2702 2625 2755 omnia

342 2788 533 2841 aequo
566 2769 762 2823 animo
792 2769 1033 2824 ferenda
1059 2773 1352 2831 hortetur.
1400 2775 1505 2841 qui
1537 2788 1740 2824 sensus
1772 2769 2063 2838 posterior
2093 2770 2241 2822 mihi
2273 2768 2464 2838 magis
2492 2768 2623 2838 pla-

219 2902 229 2923 ‘
264 2906 269 2913 ἱ
343 2849 460 2894 cet.
530 2832 685 2892 Nam
710 2835 773 2892 τὸ
800 2837 1027 2899 ἐπιεικές
1053 2850 1263 2892 vocant
1291 2840 1472 2894 etiam
1499 2840 1719 2894 Graeci
1744 2839 1926 2892 animi
1955 2838 2460 2904 moderationem,
2511 2835 2618 2890 ubi

272 2922 285 2930 ·
307 2942 319 2977 ,-
341 2925 460 2981 non
500 2906 681 2961 facile
718 2924 1165 2963 commovemur
1205 2908 1443 2977 iniuriis
1462 2946 1478 2976 ,
1516 2909 1616 2963 ubi
1644 2926 1765 2962 non
1793 2907 1973 2960 facile
1998 2909 2176 2961 rebus
2200 2906 2467 2960 adversis
2493 2914 2621 2959 tur-

340 2977 586 3044 bamur,
644 2976 742 3030 sed
796 2977 1121 3031 retinemus
1168 2976 1480 3048 aequalem
1530 2987 1767 3031 statum.
1868 2978 1979 3049 Pro
2018 2993 2136 3057 quo
2174 2975 2388 3028 Cicero
2434 2974 2620 3027 dixit:

241 3080 244 3087 -
342 3045 730 3115 Tranquillus
758 3046 985 3100 animus
1009 3064 1197 3114 meus,
1234 3046 1338 3116 qui
1361 3047 1537 3119 aequi
1564 3048 1703 3101 boni
1725 3048 1875 3100 facit
1903 3063 2122 3099 omma.
2190 3044 2395 3098 Talem
2420 3043 2628 3112 aequi-

342 3123 527 3166 tatem
545 3153 562 3181 ,
608 3130 760 3184 quae
789 3124 876 3166 est
902 3115 1069 3186 quasi
1098 3126 1292 3170 mater
1318 3118 1671 3185 patientiae,
1717 3116 1901 3183 exigit
1929 3115 2026 3169 hic
2053 3132 2087 3168 a
2113 3112 2623 3182 Philippensibust

343 3192 407 3234 et
444 3182 677 3252 quidem
714 3200 865 3252 quae
903 3184 1177 3238 omnibus
1220 3195 1537 3254 appareat,
1595 3194 1788 3256 prout
1812 3183 2045 3238 scilicet
2089 3190 2227 3236 usus
2269 3181 2627 3250 postulabit,
2718 3226 2734 3248 s

344 3251 592 3304 effectus
623 3267 760 3330 suos
791 3253 1169 3322 proferendo.
1234 3256 1566 3313 Modestiae
1606 3272 1823 3308 nomen
1869 3262 2362 3321 congruerenon
2398 3258 2492 3302 est
2534 3250 2627 3302 vi-

341 3336 505 3373 sum:
554 3336 691 3388 quia
732 3336 851 3371 non
891 3329 1056 3374 vetat
1085 3321 1299 3374 Paulus
1324 3324 1601 3376 hocloco
1628 3324 1881 3392 superbe
1911 3322 2305 3384 insolescere,
2353 3320 2455 3371 sed
2490 3318 2629 3388 pla·

344 3388 474 3441 cide
501 3405 564 3440 se
587 3404 794 3457 gerere
820 3388 881 3441 in
909 3389 1067 3442 omni
1092 3388 1370 3459 negotio,
1418 3391 1650 3463 sibique
1679 3402 2017 3460 temperare
2050 3390 2240 3442 etiam¹
2259 3389 2322 3443 in
2357 3388 2627 3439 toleran-
2726 3403 2733 3413 ’

343 3456 432 3509 dis
474 3456 567 3508 vel
602 3455 880 3535 iniuriis,
928 3459 1026 3509 vel
1061 3458 1468 3515 incommodis.
1605 3461 1887 3513 Dominus
1915 3476 2096 3526 prope
2130 3467 2236 3510 ese.
2308 3457 2626 3525 Prolepsis,

345 3541 463 3595 qua
490 3534 814 3578 antevertit
839 3526 1265 3588 obiectionem,
1342 3524 1652 3585 Reclamat
1683 3529 1844 3584 enim
1872 3544 2078 3581 sensus
2104 3525 2298 3580 carnis
2326 3525 2629 3594 superiori

345 3593 698 3663 sententiae.
770 3596 923 3647 Nam
949 3612 1132 3665 quum
1156 3606 1367 3650 nostra
1391 3599 1850 3652 mansuetudine
1870 3599 2053 3666 magis
2081 3595 2403 3647 insolescat
2427 3592 2623 3647 libido

342 3661 793 3741 improborum,
839 3674 899 3715 et
928 3681 1043 3734 quo
1068 3666 1402 3735 paratiores
1426 3684 1534 3721 nos
1563 3667 1758 3719 vident
1785 3668 1856 3718 ad
1885 3660 2229 3732 ferendum,
2275 3680 2354 3715 eo
2386 3663 2532 3741 plus„
2549 3661 2625 3714 ad

236 3786 241 3787 ⁷
341 3728 679 3783 inferendas
729 3729 982 3786 iniurias
1031 3734 1320 3789 audeauts
1379 3736 1722 3790 difficulter.
1750 3735 2094 3787 adducimur
2126 3742 2195 3786 ut
2231 3731 2297 3786 in
2336 3732 2627 3800 patientia

344 3807 549 3851 nostra
572 3799 971 3865 possideamus
1001 3804 1229 3855 animas
1251 3814 1504 3871 nostras.
1576 3806 1717 3857 Inde
1742 3804 1845 3856 illa
1871 3801 2217 3874 proverbia:
2260 3800 2626 3854 Ululandnm

342 3865 502 3919 inter
547 3867 754 3936 lupos,
801 3870 1169 3924 Devoratum
1244 3873 1598 3927 rotinusjri
1636 3890 1669 3925 a
1706 3873 1896 3939 lupis,
1958 3871 2058 3941 qui
2096 3869 2296 3923 ovium
2333 3868 2526 3921 instar
2560 3884 2626 3922 se

342 3935 662 4004 gesserint.
747 3938 835 3989 Ita
883 3956 954 3990 ue
980 3890 1248 3995 concluX‘

706 4004 718 4016 ·
804 4005 814 4016 ·
1232 3958 1419 4009 imus,
1459 3941 1904 3996 retundendam
1935 3956 2057 3994 esse
2087 3938 2374 3993 ferociam
2396 3937 2626 4007 impro-

337 4004 556 4059 horum
589 4021 720 4074 pari
759 4021 858 4057 vio
886 4009 1080 4075 entia,
1132 4026 1211 4060 ne
1239 4010 1484 4080 impune
1509 4012 1680 4064 nobis
1709 4009 2020 4062 insultent.
2105 4008 2213 4061 His
2246 4006 2623 4075 cogitationi-

338 4072 449 4152 lius
489 4073 740 4143 opponit
775 4073 878 4127 hic
906 4076 1117 4130 Paulus
1157 4078 1389 4132 divinae
1426 4079 1837 4148 providentiae
1874 4077 2170 4132 fiduciam.
2255 4074 2623 4145 Respondet,

338 4157 576 4221 mquam
592 4145 627 4208 ,‘
644 4144 964 4197 Dominum
995 4155 1183 4216 prope
1208 4164 1367 4201 esset
1426 4149 1597 4202 cuius
1625 4148 1814 4203 virtus
1842 4163 2047 4200 eorum
2076 4143 2382 4200 audaciam
2400 4179 2417 4209 ,
2453 4143 2624 4197 cuius

299 4208 576 4290 „li-emtas
606 4220 813 4264 eorum
837 4213 1128 4268 malitiam
1154 4226 1416 4286 superet.
1500 4218 1682 4270 Illum
1719 4216 1891 4268 nobis
1924 4215 2265 4268 adfuturum
2295 4210 2622 4280 promittit,

306 4322 309 4323 γ
334 4294 385 4330 si
404 4278 689 4359 mandato
721 4296 825 4332 suo
854 4295 1182 4348 pareamus.
1252 4285 1398 4355 Quis
1429 4296 1627 4339 autem
1658 4302 1781 4339 non
1804 4283 1974 4338 malit
2000 4283 2122 4336 sola
2142 4281 2256 4336 Dei
2284 4296 2460 4333 manu
2529 4295 2623 4332 ro-

262 4370 263 4375 *
330 4355 484 4425 tegi,
548 4349 968 4428 quamgomuia
1007 4351 1209 4406 mundi
1250 4353 1544 4422 praesidia
1583 4355 1658 4407 ad
1697 4360 1939 4408 manum
1974 4351 2241 4405 habere?
2335 4349 2481 4402 Pulc
2528 4364 2622 4398 er·

323 4425 834 4476 nma2seatenna:
888 4434 959 4474 ox
998 4436 1115 4493 qua
1151 4420 1414 4493 primum
1450 4423 1771 4492 discimus,
1807 4421 2005 4480 omnis
2029 4417 2451 4493 impatientias
2476 4432 2618 4473 cau·
