2820 4895
341 260 469 327 452
555 206 562 221 ⁰
935 318 938 323 ,
1094 250 1898 331 mammonas.
1993 263 2000 271 ·

350 402 680 495 stiterunt
703 429 774 489 in
804 408 1084 489 foedere
1109 441 1263 487 meo
1281 467 1301 501 ,
1343 434 1415 487 et
1439 414 1571 506 ego
1595 418 1866 504 neglexi
1895 438 2049 486 eos:
2094 420 2262 485 dicit
2289 414 2644 487 Dominus

356 519 458 579 10.
507 511 685 594 Quia
725 511 858 573 boc
899 518 1003 573 est
1044 506 1326 583 foedus,
1383 505 1568 588 quod
1611 506 1965 592 disponam
2008 506 2244 571 domui
2275 506 2485 571 lsrael
2514 505 2646 570 illis

357 598 629 673 diebuS,
683 595 846 658 dicit
879 594 1247 668 Dominus,
1293 590 1548 655 Ponam
1583 589 1800 675 Leges
1818 586 2023 654 ‘meas
2068 593 2140 652 in
2187 603 2414 654 mente
2459 594 2649 676 ipso-

356 705 506 749 rum
528 728 549 759 ,
594 691 661 744 et
688 683 757 744 in
790 678 1106 743 cordibus
1138 697 1374 742 eorum
1404 677 1696 739 scribam
1729 692 1875 750 eea,
1907 687 1975 761 et
2001 667 2120 739 e'ro
2150 675 2286 738 illis
2314 678 2387 738 in
2410 676 2652 751 Deum,

360 782 430 833 et
459 768 591 851 ipsi
627 776 828 828 erunt
858 762 1025 826 mihi
1052 766 1122 824 in
1149 759 1522 849 populum,
1613 768 1710 824 11.
1754 760 1843 836 Et
1886 779 2023 822 nou
2059 759 2404 824 docebunt
2432 781 2653 824 unus-

355 856 644 934 quisque
686 852 898 915 civem
947 862 1141 909 suum
1185 852 1252 909 e't
1291 846 1763 928 unusquisque
1784 844 2063 908 fratrem
2094 864 2287 907 suum
2320 846 2655 908 dicendo:

341 937 717 1020 ,Cognosce
747 933 1078 997 Dominus
1097 977 1115 1006 ‚
1176 934 1331 1013 quia
1361 946 1599 993 omnes
1629 949 1737 992 me
1766 932 1980 991 scient
2012 948 2047 991 a
2079 948 2287 1016 parxto
2308 931 2654 992 intereos

365 1040 578 1103 usque
624 1017 707 1081 ad
755 1037 1109 1103 magnum,
1215 1020 1308 1078 12.
1371 1013 1711 1096 Quoniam
1756 1016 2092 1099 propitius
2137 1033 2257 1076 ero
2297 1017 2657 1078 iniustitiis

365 1118 636 1180 eorum,
680 1114 749 1168 et
780 1112 1214 1188 peccatorum
1244 1119 1482 1163 eorum
1511 1108 1580 1162 et
1607 1102 2049 1181 iniquitatum
2067 1120 2202 1162 non
2234 1101 2657 1162 recordabor

364 1186 677 1274 amplius·
770 1192 866 1250 18.
912 1184 1220 1249 Dicendo
1265 1203 1553 1260 novum,
1606 1187 1981 1266 antiquavit
2021 1186 2247 1267 prius;
2301 1184 2492 1263 quod
2530 1203 2658 1247 an·-

365 1271 505 1338 te'm
531 1268 921 1366 a‘ntilquatur
947 1283 1015 1335 et
1041 1271 1437 1346 veterascit,
1481 1287 1694 1355 prope
1727 1279 1867 1346 est,
1915 1279 1991 1329 ut
2026 1279 2398 1334 evanescat.

503 1438 558 1492 7.
633 1438 698 1489 8ἰ
740 1437 1194 1507 enimrprimum.
1273 1436 1629 1507 Confirmet,
1685 1435 1839 1507 quod
1882 1434 2028 1489 dixit
2072 1434 2145 1487 de
2188 1435 2442 1487 foederis
2484 1451 2660 1503 prae-

368 1510 611 1574 stantia,
665 1507 821 1577 quod
857 1506 1159 1559 nobiscum
1188 1509 1342 1559 Deus
1380 1512 1609 1583 pepigit
1639 1526 1743 1576 per
1772 1525 2007 1560 manum
2040 1506 2289 1566 Christi;
2345 1506 2662 1557 confirmat

368 1590 562 1633 autem
581 1617 597 1645 ,
650 1576 786 1646 qnia
815 1574 1021 1629 foedus
1049 1579 1217 1647 Legis
1248 1595 1365 1630 non
1398 1579 1583 1631 fuerit
1606 1576 1842 1633 firmum
1872 1595 1981 1629 nec
2010 1579 2231 1629 stabile.
2303 1578 2459 1628 Nam
2494 1579 2543 1628 si
2575 1577 2662 1627 ni-

365 1650 453 1703 hil
491 1649 576 1701 illi
616 1648 919 1717 defuisset,
976 1649 1115 1715 quid
1151 1649 1442 1705 attinebat
1481 1640 1661 1719 aliud⁸
1683 1646 2027 1719 subrogari?
2075 1648 2234 1716 atqui
2275 1646 2663 1716 subrogatum

372 1731 490 1774 est:
543 1718 698 1770 unde
768 1727 887 1769 atet
914 1726 1073 1770 vetus
1098 1717 1240 1771 illud
1270 1736 1388 1770 non
1418 1722 1595 1772 fuisse
1634 1721 1797 1771 omni
1839 1736 1907 1772 ex
1947 1728 2110 1788 parte
2150 1717 2507 1770 absolutum.
2581 1717 2663 1768 Ad

373 1790 436 1842 id
484 1736 843 1856 probamfum
891 1788 1034 1839 citat
1076 1790 1470 1842 testimonium
1515 1791 1827 1855 Ieremias,
1896 1790 2052 1859 quod
2099 1791 2661 1845 mox‚excutiemus.

378 1859 490 1913 Sed
516 1859 629 1910 hoc
654 1874 862 1928 parum
885 1858 1110 1910 videtur
1138 1870 1590 1914 consentaneum
1612 1900 1627 1927 ,
1664 1858 1823 1929 ¹quod
1843 1897 1860 1925 ,
1894 1862 2194 1928 postquam
2222 1860 2535 1926 praefatus
2561 1867 2660 1923 est,

374 1947 491 1982 non
516 1929 691 1980 fuisse
721 1930 1119 1996 quaerendum
1146 1931 1397 1984 secundo
1426 1930 1647 1984 foederi
1681 1932 1869 1982 locum
1889 1968 1904 1997 ,
1941 1931 1986 1981 si
2015 1930 2173 1998 prius
2201 1929 2666 1996 reprehensione

376 2009 670 2064 vacasset,
721 1998 861 2051 dicit
904 2001 1180 2070 populum
1220 2003 1602 2070 reprehendi,
1653 2011 1709 2052 et
1740 2003 1848 2052 hac
1881 2018 2052 2051 causa
2092 2000 2422 2051 remedium
2466 1998 2664 2051 afferri

317 2087 336 2120 ς
376 2071 514 2123 novi
542 2069 812 2123 foederis.
885 2072 1055 2140 Atqui
1082 2072 1341 2141 iniquum
1368 2083 1455 2126 est
1474 2113 1489 2138 ‚
1542 2073 1588 2124 si
1617 2073 1752 2140 quid
1786 2072 1908 2122 vitii
1936 2068 2113 2121 fuerit
2138 2068 2199 2120 in
2229 2068 2451 2136 populo
2476 2109 2493 2136 ,
2550 2072 2663 2123 eius

384 2141 612 2209 culpam
643 2140 705 2190 in
735 2138 939 2192 foedus
965 2143 1084 2194 Dei'
1103 2143 1381 2198 conferri.
1451 2142 1696 2196 Videtur
1733 2158 1865 2211 ergo
1895 2157 2012 2193 non
2042 2150 2195 2192 stare
2230 2149 2668 2207 argumentum,

386 2213 556 2281 quia,
608 2219 671 2260 ut
709 2209 926 2262 centies
950 2214 1107 2264 Deus
1147 2213 1425 2282 populum
1448 2223 1728 2276 >ticcttset,
1779 2229 1895 2262 non
1921 2220 2119 2262 tamen
2151 2221 2470 2278 propterea
2506 2212 2670 2263 vitio-

384 2300 511 2334 sum
542 2280 650 2332 erit
676 2279 896 2332 foedus.
967 2281 1151 2333 Huius
1180 2283 1392 2335 obiecti
1420 2281 1607 2335 facilis
1637 2293 1722 2347 est
1750 2282 1977 2335 soluti0.
2049 2281 2308 2332 Tametsi
2354 2280 2528 2333 enim
2564 2283 2669 2333 cri-

383 2368 518 2403 men
550 2350 752 2403 violati
779 2351 1030 2403 foederis
1059 2354 1273 2420 populo
1299 2355 1429 2405 iure
1456 2353 1812 2421 imputatur,
1861 2352 1959 2420 qui
1990 2367 2089 2401 sua
2119 2349 2366 2419 perfidia
2411 2352 2670 2404 descive-

382 2430 477 2477 rat
506 2437 540 2472 a
566 2423 849 2482 Domin03
886 2430 1082 2480 tamen
1104 2421 1270 2476 simul
1296 2432 1536 2477 notatur
1558 2423 1870 2477 infirmitas
1896 2422 2149 2475 foederis
2166 2459 2184 2488 ,
2223 2421 2358 2490 quia
2389 2423 2670 2476 cordibus

387 2493 730 2559 inscriptum
761 2508 877 2543 non
900 2503 1046 2546 esset
1063 2513 1079 2546 ε
1139 2510 1273 2564 ergo
1299 2504 1363 2545 ut
1390 2505 1656 2549 sanctum
1683 2511 1753 2546 ac
1778 2502 1970 2545 ratum
1992 2493 2096 2558 sit,
2149 2492 2374 2561 corrigi
2395 2504 2674 2561 oportere

362 2564 724 2633 >pronuntiat
759 2564 933 2616 Deus.
1007 2565 1205 2685 Qluare
1243 2579 1366 2618 ‘non
1404 2566 1505 2617 abs
1543 2583 1608 2617 re
1644 2564 1949 2634 Apostolus
1987 2562 2322 2630 contendit,
2377 2580 2675 2632 quaeren-

382 2634 524 2687 dum
556 2632 731 2686 fuisse
757 2632 1013 2716 secundo
1069 2650 1260 2690 ocum.
1321 2639 1324 2646 ”

525 2733 574 2785 8.
646 2738 794 2786 Ecce
836 2735 959 2786 dies
1009 2739 1269 2790 veniunt.
1353 2738 1444 2789 De
1492 2736 1690 2788 futuro
1743 2721 2004 2804 tempore
2054 2733 2311 2804 loquitur
2348 2735 2681 2803 Prophetae

375 2803 674 2872 ,Populum
701 2804 1228 2875 arguitxperfidiae,
1267 2807 1422 2875 quod
1448 2816 1577 2873 post
1607 2815 1906 2874 acceptam
1934 2806 2146 2873 Legem
2179 2805 2234 2854 in
2262 2804 2380 2855 fide
2413 2821 2543 2857 non
2568 2817 2678 2858 ste-

387 2874 570 2927 tisset.
641 2876 758 2927 Lex
791 2891 924 2943 ergo
955 2875 1159 2928 foedus
1198 2887 1284 2928 est
1319 2877 1495 2943 iliud,
1547 2878 1701 2946 quod
1739 2894 1773 2927 a
1812 2874 2025 2943 populo
2065 2883 2300 2941 ruptum
2329 2879 2494 2928 Deus
2538 2894 2678 2929 con-

394 2944 670 3014 queritur.
744 2945 819 2995 Ut
843 2945 1145 2997 medeatur
1173 2946 1310 2998 huic
1334 2947 1488 3012 melo
1506 2984 1523 3012 ,
1573 2946 1777 2998 foedus
1806 2961 2020 2996 novum
2049 2953 2107 2995 et
2133 2944 2205 2995 ab
2233 2946 2345 2997 hoc
2377 2945 2678 2999 diversum

387 3014 704 3082 promittit,
750 3015 910 3067 cuius
936 3017 1195 3069 vaticinii
1226 3020 1715 3086 complementum
1752 3018 1971 3067 Veteris
2000 3014 2361 3080 Testamenti
2384 3026 2474 3066 est
2502 3018 2678 3069 ebro-

375 3086 565 3153 gatioz
634 3083 744 3136 Sed
783 3089 1087 3154 perperam
1127 3097 1400 3157 torquere
1442 3087 1669 3139 videtur
1694 3085 1995 3155 Apostolus
2034 3084 2146 3136 hoc
2174 3085 2562 3154 vaticinium,
2615 3096 2680 3140 ut

395 3155 467 3205 ad
500 3153 819 3205 institutum
860 3173 1028 3207 suum
1066 3158 1278 3210 trahat.
1346 3157 1459 3210 Hic
1503 3159 1657 3210 enim
1701 3157 1951 3226 agitatur
1987 3155 2058 3207 de
2095 3156 2448 3207 ceremoniis
2491 3175 2677 3226 quae-

397 3225 545 3285 stio;
597 3223 887 3291 Propheta
926 3235 1120 3279 autem
1164 3229 1240 3281 de·
1274 3236 1396 3279 tota
1426 3229 1580 3297 Lege
1607 3228 2012 3280 concionatur.
2082 3225 2239 3296 Quid
2264 3226 2376 3276 hoc
2401 3226 2477 3277 ad
2510 3245 2681 3279 oere-

365 3294 654 3360 'monias,
705 3294 753 3346 si
794 3295 1060 3366 regulam
1093 3298 1189 3365 pie
1224 3307 1543 3364 sancteque
1583 3298 1819 3349 vivendi*
1847 3296 2152 3354 hominum
2190 3314 2327 3350 voce
2366 3291 2428 3346 e't
2453 3296 2679 3349 litteris

363 3364 685 3434 ‘jproditam
722 3365 878 3418 Deus
920 3367 1187 3421 cordibus
1225 3367 1531 3421 inscribit?
1598 3368 1979 3435 Respondeo,
2026 3376 2435 3436 argumentum
2474 3385 2608 3420 esse
2645 3385 2681 3419 a

391 3446 513 3488 toto
555 3435 628 3486 ad
666 3444 913 3503 partem.
981 3439 1120 3489 vNon
1151 3438 1390 3492 dubium
1420 3446 1539 3501 est,
1578 3439 1716 3507 quin
1742 3433 2031 3507 Propheta
2059 3429 2246 3502 totu‘m
2274 3438 2458 3488 Mosis
2494 3439 2680 3490 mini-

392 3506 629 3560 sterium
672 3504 1154 3576 comprehendat,
1208 3525 1386 3577 quum
1425 3509 1597 3561 dicits
1639 3508 1835 3578 Pepigi
1881 3508 2174 3559 vobiscum
2216 3507 2454 3575 foedus,
2520 3507 2681 3576 quod

391 3591 509 3627 non
526 3576 827 3628 servastis.
900 3576 1079 3629 Porro
1098 3579 1215 3630 Lex
1240 3580 1583 3631 ceremoniis
1609 3578 2034 3646 quodammodo
2063 3578 2429 3629 vestiebatur.
2497 3581 2679 3631 Nunc

391 3654 523 3715 post
552 3647 810 3713 corporis
835 3644 1139 3701 interitum
1167 3650 1293 3718 quis
1325 3651 1567 3712 vestium
1592 3664 1727 3700 usus
1757 3648 1906 3699 erit?
1975 3649 2203 3699 Tritum
2230 3656 2316 3700 est
2338 3646 2489 3699 illud
2517 3650 2679 3717 vulgi

289 3737 304 3750 κ
390 3716 758 3784 proverbium
781 3754 798 3782 ,
835 3718 1230 3773 Accessorium
1258 3720 1421 3790 sequi
1448 3729 1717 3772 naturam
1749 3718 1839 3770 sui
1869 3715 2221 3790 principalis.
2292 3719 2423 3769 Non
2455 3719 2681 3772 mirum

391 3785 601 3854 igitur,
655 3787 701 3836 si
731 3790 1133 3856 ceremoniae,
1190 3807 1343 3859 quae
1374 3789 1523 3841 nihil
1554 3798 1688 3840 sunt
1717 3804 1891 3856 quam
1922 3789 2271 3855 appendices
2301 3789 2535 3841 Veteris
2566 3792 2681 3841 Te·

391 3855 706 3920 stamenti,
743 3858 924 3912 xsimul
967 3876 1102 3911 cum
1139 3869 1260 3912 toto
1299 3860 1484 3924 Mosis
1522 3859 1849 3911 ministerio
1890 3858 2067 3910 finem
2109 3858 2381 3911 habeant.
2466 3860 2679 3927 Neque

387 3924 502 3976 hoc
527 3925 812 3993 Apostolis
840 3937 923 3983 est
940 3929 1266 3995 insolitum,
1302 3929 1403 3983 ubi
1436 3930 1504 3981 de
1538 3928 1884 3981 ceremoniis
1910 3938 1997 3980 est
2025 3928 2421 3980 controversia
2439 3967 2455 3992 ,
2476 3929 2679 3981 susci·

386 4012 520 4063 pere
547 3995 881 4065 generalem
909 3998 1360 4067 disputationem
1402 4000 1474 4052 de
1511 4007 1636 4050 tota
1666 4001 1840 4067 Lege.
1910 3999 2062 4067 Ergo
2091 3997 2324 4051 tametsi
2347 3997 2534 4050 letius
2571 4013 2683 4066 pa-

388 4074 469 4118 tet
507 4065 621 4117 hoc
648 4067 933 4119 Ieremiae
974 4071 1349 4136 vaticinium,
1396 4085 1573 4139 quam
1603 4069 1677 4121 ad
1717 4071 2112 4132 ceremonias3
2164 4069 2299 4139 quia
2332 4079 2548 4121 tamen
2583 4071 2681 4120 eas

389 4135 643 4188 includit
668 4136 770 4188 suh
799 4138 1038 4192 nomine
1071 4140 1293 4193 Veteris
1320 4138 1716 4204 Testamenti,
1767 4147 1900 4207 apte
1927 4140 2001 4191 ad
2027 4148 2394 4208 praesentem
2428 4154 2679 4191 causam

386 4207 885 4260 accommodatur.
959 4211 1266 4263 Caeterum
1300 4227 1405 4279 per
1428 4210 1550 4262 dies
1577 4210 1744 4274 istos,
1781 4223 2027 4279 quorum
2057 4209 2324 4262 meminit
2348 4207 2678 4276 Propheta,

382 4275 643 4329 fatentur
671 4293 868 4330 omnes
896 4278 1184 4348 designari
1215 4281 1432 4333 Christi
1460 4295 1730 4348 regnum:
1779 4279 1933 4331 unde
1963 4280 2259 4349 sequitur,
2307 4276 2534 4331 Christi
2574 4278 2677 4330 ad-

386 4356 561 4399 ventu
598 4347 1013 4416 corrigendum.
1045 4350 1219 4416 fuisse
1250 4353 1429 4401 Vetus
1460 4352 1917 4402 Testamentum.
1992 4352 2238 4402 Domum
2266 4349 2457 4400 Israel
2485 4361 2547 4400 et
2578 4350 2678 4399 do·

357 4432 532 4476 ,mum
572 4419 718 4471 Iuda
754 4416 1049 4485 nominat,
1098 4420 1250 4488 quod
1284 4421 1500 4491 posteri
1529 4419 1795 4474 Abrahae
1827 4422 1892 4473 in
1927 4418 2039 4474 duo
2060 4434 2249 4492 tegna
2279 4416 2449 4471 divisi
2476 4425 2675 4472 erant.

289 4591 570 4780 Χ
1303 4717 1310 4726 “
1511 4735 1516 4744 ·
1916 4775 1919 4778 ,
2402 4739 2409 4768 ³
