2820 4895
2223 324 2364 388 227

1307 411 1352 457 κ

68 490 275 570 tatur,
323 503 419 550 ne
452 455 623 552 ullis
658 469 1212 564 difficultatibus
1245 478 1480 570 cedat,
1530 490 1616 550 ut
1650 481 1895 550 omnia
1929 479 2351 551 discrimina
2456 464 2470 480 ⁸

70 585 295 652 animi&
321 580 760 666 fortitudine
805 581 1141 676 superet,
1208 597 1313 684 ut.
1340 583 1850 675 improborum
1893 586 2350 676 proterviam

70 687 490 756 auctoritate
528 697 902 805 coerceat,
932 687 1205 776 nequid
1239 685 1617 762 hominum
1654 687 1931 778 gratiae
1963 685 2349 788 ambitiose

68 788 429 879 largiatur.
502 783 902 881 Denique
878 810 957 856 m
992 786 1110 856 his
1145 785 1427 859 duabus
1463 786 1793 880 epistolis
1826 789 2032 879 quasi
2064 789 2141 859 in
2174 789 2351 860 viva
2438 783 2466 882 J
2497 858 2509 876 ,
2585 839 2606 860 .

66 889 303 960 tabula
313 891 703 983 depictum
732 890 1089 964 habemus
1122 912 1378 961 verum
1397 889 1780 959 Ecclesiae
1794 892 2164 983 regimen.
2223 888 2369 964 Tu.

69 1016 278 1084 quum
325 991 839 1070 instaurandae
871 981 1263 1060 Ecclesiae
1284 991 1773 1086 Anglicanae,
1825 1015 2056 1083 quam
2105 991 2349 1062 30010-

67 1107 214 1164 rata
260 1094 580 1189 Papatus
627 1096 1004 1187 impietas,
1087 1107 1170 1167 ut
1214 1092 1401 1163 alias
1438 1092 1600 1163 fere
1648 1113 1900 1164 omnes
1946 1090 2347 1168 Christiani

70 1197 297 1286 orbis,
362 1201 637 1268 misere
677 1208 1152 1290 corruperat,
1217 1207 1590 1293 strenuam
1631 1199 1930 1289 operam
1968 1196 2349 1292 impendas
2391 1239 2394 1244 ·

67 1300 189 1368 sub
220 1299 455 1394 Regis
503 1301 612 1368 tui
663 1300 1050 1394 auspiciiS,
1117 1309 1193 1369 et
1238 1297 1507 1378 multos
1548 1297 1641 1365 ad
1676 1321 2039 1368 eam‘rem
2074 1297 2349 1376 Timo-

67 1399 315 1472 theos
292 1427 372 1472 111
403 1423 653 1493 opere
650 1400 971 1472 habeas.
1023 1414 1273 1473 sancta
1304 1414 1504 1473 certe
1540 1413 1782 1472 vestra
1815 1401 2055 1471 studia
2083 1400 2350 1473 melius

69 1526 500 1597 componere
529 1517 678 1573 non
704 1505 1086 1600 potestis,
1077 1516 1316 1596 quam
1348 1504 1442 1572 ad
1469 1501 1611 1572 1100
1642 1502 1870 1572 Pauli
1863 1505 2093 1594 quasi
2122 1528 2353 1597 prae-

69 1610 407 1699 scriptum
442 1606 830 1700 exigendo.
931 1605 1122 1696 Nam
1154 1629 1395 1699 neque
1430 1604 1556 1673 hic
1588 1608 1976 1708 quicquam
2009 1606 2351 1702 habetur,
2443 1667 2446 1674 .

72 1710 253 1800 quod
302 1732 451 1777 11011
503 1712 596 1780 sit
643 1697 1099 1801 temporibus
1143 1709 1416 1779 nostris
1463 1707 1678 1780 valde
1721 1720 2008 1802 aptum:
2064 1722 2139 1779 et
2159 1733 2349 1779 1111-

73 1834 217 1880 sum
266 1810 453 1880 nihil
494 1809 732 1882 ferme
778 1815 855 1879 in
889 1809 1270 1880 Ecclesiae
1319 1808 1807 1881 architectura
1852 1815 2350 1898 necessarium

77 1924 206 2000 est,
262 1912 460 2004 quod
489 1937 637 1982 non
667 1914 843 1984 hinc
877 1915 1099 1983 etiam
1127 1911 1428 1983 haurire
1466 1907 1722 2010 liceat
1791 1905 2068 1984 Labor
2102 1927 2349 1986 autem

77 2038 268 2084 meus
313 2015 686 2086 mediocre
731 2015 989 2088 saltem
1028 2015 1538 2086 adiumentum
1587 2015 1708 2109 (ut
1756 2013 2033 2107 spero)
2065 2015 2363 2085 afferet..

85 2118 256 2210 quod
289 2120 748 2210 experientia
779 2132 1020 2191 tamen
1057 2118 1399 2211 cognosci
1426 2115 1659 2205 malo,
1690 2138 1924 2210 quam
1952 2115 2253 2189 verbis
2232 2141 2368 2196 10--Ὶ

84 2232 283 2289 ctare.
387 2220 569 2316 Tibi
597 2244 821 2314 porro
866 2215 1235 2318 (nobiliss.
1270 2214 1667 2309 Princeps)
1716 2222 1779 2288 si
1810 2217 2041 2290 fuerit
2071 2219 2354 2313 proba-

83 2333 220 2409 tus,
287 2324 428 2394 erit
471 2346 604 2391 cur
649 2321 832 2391 mihi
880 2313 1281 2414 plurimum
1330 2319 1678 2415 gratuler.
1801 2305 1949 2391 Pro
1997 2319 2351 2415 singulari

86 2425 359 2514 quidem
405 2437 533 2496 tua
575 2423 1026 2496 humanitate
1074 2427 1250 2515 quin
1295 2421 1625 2493 officium
1673 2421 1820 2492 hoc
1860 2431 2113 2494 meum
2171 2424 2351 2495 boni
2387 2437 2398 2449 ‘

90 2527 533 2597 consulturus
567 2529 705 2618 sis,
755 2550 906 2599 non
942 2526 1221 2598 dubito.
1325 2524 1730 2613 Dominus,
1781 2526 1860 2595 in
1890 2526 2097 2596 0111113
2128 2532 2354 2598 manu

91 2638 242 2697 sunt
250 2622 471 2699 fines
479 2641 744 2714 terrae,
793 2642 1056 2705 statum
1075 2629 1319 2723 Regni
1335 2627 1719 2722 Anglicani
1750 2627 1879 2695 diu
1908 2627 2353 2698 incolumem
2457 2682 2460 2689 .

88 2728 596 2824 florentemque
621 2740 947 2805 tueatur.
997 2731 1283 2826 Regem
1302 2730 1864 2825 Serenissimum
1894 2742 2049 2803 tum
2069 2730 2355 2823 Spiritu
2403 2810 2404 2813 Ἴ

88 2832 501 2926 principali
492 2848 759 2923 ornet,
823 2846 978 2905 tum
1009 2832 1223 2904 bonis
1255 2833 1618 2904 omnibus
1640 2831 1999 2903 cumulet:
2068 2832 2354 2931 tibique

93 2933 160 3000 in
198 2937 580 3027 praeclaro
614 2939 764 3007 isto
811 2959 1032 3006 cursu
1067 2934 1206 3007 det
1233 2932 1569 3006 feliciter
1599 2955 1952 3034 pergere,
2001 2946 2087 3006 ut
2114 2952 2252 3028 per
2278 2945 2357 3004 te

93 3054 341 3111 nomen
411 3039 569 3110 eius
633 3039 864 3131 magis
928 3061 1027 3117 00
1046 3039 1339 3131 magis
1364 3048 1848 3132 propagetur.
1979 3034 2382 3133 Genevae,

95 3132 284 3208 VIII.
320 3140 622 3255 Calend.
655 3138 994 3263 Augusti.
1072 3139 1182 3213 M.
1214 3140 1313 3211 D.
1344 3140 1440 3217 L.
1475 3135 1638 3237 VL(
