2820 4895
584 231 758 380 'An
819 273 1512 343 TlMoTHEUM
1569 274 1873 343 11.„ci1›.
1918 278 1997 343 11.
2103 285 2106 288 ·
2345 279 2474 383 ⁸¹⁵,

179 441 430 518 plicandi
454 441 611 498 ratio
642 443 717 497 ad
751 442 1232 516 aedificationem
1257 441 1542 496 formata.
1614 441 1720 495 Est
1748 417 1907 496 en'im
1932 443 2099 514 quasi
2124 445 2357 516 regula,
2388 447 2465 500 ad

180 532 348 587 quam
381 512 618 581 exigere
646 514 926 566 convenit
955 528 1192 564 omnem
1221 508 1571 579 scripturae
1599 509 2179 580 interpretationem.
2525 555 2528 562 Α

316 583 398 636 16.
470 577 770 637 Caeterum
814 579 1117 646 profanas.
1204 578 1363 649 Quid
1407 579 1480 629 de
1523 577 1617 630 his
1658 580 1966 634 vocabulis
2006 584 2290 649 sentiam,
2342 582 2466 636 dixi

179 652 376 704 ultimo
426 650 619 724 capite
662 648 956 719 epistolae
984 645 1256 714 'priorisz
1308 647 1450 698 inde
1491 646 1684 716 igitur
1722 657 1929 716 petant
1968 650 2247 703 lectores.
2335 652 2465 721 Quo

179 730 375 774 autern
417 719 598 789 magis
637 719 937 772 deterreat
961 716 1350 769 Timotheum
1380 717 1455 768 ab
1486 714 1607 767 ista
1641 718 1896 783 profana
1922 727 1983 770 et
2012 734 2230 771 sonora
2257 734 2466 788 garru-

96 783 113 798 '
175 789 373 853 litate,
425 789 705 839 admonet
745 785 1039 856 quendam
1081 801 1204 837 esse
1248 784 1432 837 veluti
1473 784 1915 852 labyrinthum,
1966 787 2062 838 vel
2095 787 2299 856 potius
2325 805 2467 868 pro-

177 856 418 909 fundum
448 856 774 924 gurgitem,
827 854 981 907 unde
1011 853 1214 906 nullus
1246 862 1448 924 pateat
1478 854 1673 906 exitus
1691 891 1708 920 ,
1757 854 1859 906 sed
1887 856 1952 921 in
1981 872 2156 925 quem
2185 873 2375 925 magis
2401 874 2465 911 se

176 941 242 977 ac
266 925 446 993 magis
471 926 820 991 demergant
847 922 1147 975 homines.
1727 979 1736 982 j
2463 965 2466 972 .

310 993 390 1046 17.
460 997 538 1045 Et
578 1009 763 1043 sermo
788 1010 1034 1057 -eorum,
1085 1002 1148 1042 ut
1186 1007 1548 1057 gangraena.
1637 989 1964 1044 Admonuit
1988 1010 2084 1045 me
2111 992 2467 1054 Benedictus
2533 1016 2538 1020 ·

178 1063 396 1115 Textor
418 1059 716 1127 medicus,
752 1059 916 1112 hunc
943 1061 1140 1111 locum
1173 1059 1327 1112 male
1352 1060 1427 1111 ab
1457 1060 1703 1111 Erasmo
1732 1076 1964 1124 versum
1987 1062 2207 1128 fuisse,
2257 1063 2364 1134 qui
2391 1080 2466 1115 ex

173 1130 395 1186 duobus
440 1130 662 1196 morbis
704 1130 881 1198 plane
922 1127 1169 1188 diversis
1205 1145 1390 1182 unum
1430 1126 1599 1180 fecit.
1701 1129 1995 1182 Cancrum
2046 1130 2205 1183 enim
2256 1130 2465 1200 posuit

176 1199 308 1252 loco
357 1209 752 1270 gangr-aenae.
851 1197 1026 1268 Atqui
1070 1198 1330 1249 Galenus
1371 1214 1508 1250 cum
1548 1196 1792 1249 in'aliis
1836 1197 1989 1250 locis
2032 1200 2279 1267 passim,
2309 1201 2468 1252 'tum

177 1286 314 1320 vero
346 1269 447 1321 ubi
474 1266 854 1319 definitiones
888 1265 1064 1336 ponit
1088 1265 1153 1316 in
1180 1265 1386 1319 libello
1417 1267 1508 1318 De
1537 1261 1877 1318 tumoribus
1908 1277 2144 1336 praeter
2174 1279 2469 1336 naturam,

180 1337 431 1391 alterum
469 1336 781 1406 distinguit
819 1335 891 1387 ab
933 1335 1147 1388 altero.
1231 1336 1312 1386 Et
1351 1334 1567 1387 Paulus
1596 1335 1888 1403 Aegineta
1942 1353 2012 1387 ex
2059 1336 2223 1389 illius
2262 1346 2490 1404 aucto--

180 1406 357 1459 ritate
395 1405 552 1458 libro
597 1413 761 1457 sexto
805 1420 1086 1456 cancrum
1128 1403 1215 1456 ita
1256 1403 1499 1456 definit:
1556 1413 1852 1456 tumorem
1904 1420 2026 1456 esse
2072 1405 2468 1476 inaequalem,

182 1475 299 1528 oris
331 1473 602 1541 tumidis,
649 1475 931 1543 adspectu
961 1482 1253 1538 taetrum,
1298 1472 1554 1525 lividum
1602 1482 1662 1524 et
1693 1473 1909 1540 absque
1938 1473 2167 1527 dolore.
2255 1475 2472 1529 Postea

177 1543 315 1596 duas
354 1542 582 1612 species
618 1551 922 1607 recenset,
971 1553 1037 1592 ut
1074 1541 1305 1594 faciunt
1347 1540 1457 1592 alii
1503 1541 1743 1606 medici.
1803 1542 2085 1609 quosdam
2125 1543 2286 1596 enim
2327 1561 2474 1597 can-

180 1629 313 1666 cros
344 1629 474 1665 esse
503 1611 759 1666 latentes
790 1613 918 1663 sine
950 1610 1184 1664 ulcere:
1239 1608 1525 1677 quosdam
1551 1626 1696 1663 vero
1725 1609 2059 1677 ulcerosos,
2106 1611 2206 1664 ubi
2232 1612 2473 1666 scilicet

183 1681 487 1749 praevalet
519 1687 651 1732 atra
682 1678 819 1732 bilis
841 1717 857 1746 ,
902 1696 972 1731 ex
1000 1695 1112 1747 qua
1142 1679 1494 1748 gignuntur.
1581 1680 1671 1731 De
1695 1691 2028 1747 gangraena
2063 1690 2264 1733 autem
2289 1681 2468 1734 Gale-

180 1766 286 1803 nus
324 1759 443 1802 tam
482 1747 542 1799 in
585 1748 796 1800 libello
838 1748 960 1800 iam
1002 1747 1217 1817 citato,
1265 1764 1444 1817 quam
1475 1746 1640 1799 libro
1678 1745 1935 1799 secundo
1971 1749 2044 1800 ad
2074 1749 2469 1819 Glauconem,

183 1819 378 1872 Aetius
415 1820 566 1871 item
589 1816 747 1868 libro
776 1816 1000 1872 decimo
1029 1822 1274 1885 quarto,
1325 1825 1386 1867 et
1425 1816 1585 1869 idem
1615 1815 1896 1885 Aegineta
1929 1815 2088 1869 libro
2126 1828 2339 1887 quarto
2386 1820 2472 1873 sic

181 1888 547 1957 loquuntur:
611 1903 742 1937 eam
792 1884 1112 1954 provenire
1166 1901 1236 1937 ex
1284 1884 1511 1953 magnis
1565 1879 1976 1953 phlegmonis,
2038 1886 2089 1937 si
2124 1886 2188 1939 in
2229 1887 2473 1958 aliquod

185 1958 515 2025 membrum
557 1955 852 2008 violenter
887 1953 1305 2020 incubuerint,
1354 1954 1446 2005 ita
1474 1963 1543 2007 ut
1571 1969 1708 2021 pars
1735 1953 1837 2004 illa
1872 1952 2154 2008 destituta
2181 1957 2383 2009 calore
2413 1966 2475 2010 et
2529 1977 2532 1982 ·

185 2017 395 2094 spiritu
419 2023 599 2077 'vitali
631 2024 702 2075 ad
733 2022 1181 2075 exstinctionem
1207 2022 1431 2075 tendat.
1503 2022 1673 2091 Quod
1697 2021 1747 2073 si
1775 2033 2047 2075 emortua
2078 2024 2317 2091 penitus
2341 2025 2472 2079 fue-

186 2096 298 2159 rit,
348 2104 496 2147 tunc
534 2093 810 2145 morbum
848 2091 1069 2144 Graeci
1110 2091 1435 2171 sphacelon
1471 2100 1721 2156 vocant,
1782 2091 1986 2142 Latini
2023 2091 2469 2163 siderationem,

93 2193 99 2198 ·
186 2163 643 2232 vulgusjgnem
682 2160 876 2213 sancti
917 2163 1186 2212 Antonn.
1271 2159 1532 2228 Reperio
1571 2158 1809 2228 quidem
1849 2160 2195 2215 Cornelium
2236 2163 2474 2217 Celsum

185 2231 267 2283 ita
294 2233 667 2299 distinguere
685 2242 712 2294 ,*
738 2238 804 2282 ut
833 2244 1046 2281 cancer
1073 2227 1151 2280 sit
1179 2244 1393 2298 genus,
1440 2243 1780 2299 gangraena
1808 2230 2066 2295 species.
2115 2249 2321 2284 verum
2347 2232 2473 2285 eius

189 2316 354 2353 error
395 2317 467 2352 ex
509 2297 917 2367 compluribus
958 2298 1243 2366 probatae
1270 2296 1415 2349 fidei
1443 2298 1807 2349 medicorum
1835 2297 1990 2349 locis
2020 2295 2477 2366 palam'refelli-

187 2377 303 2420 tur.
378 2369 595 2428 Potuit,
615 2377 811 2419 autem
843 2383 976 2419 eum
1006 2365 1218 2418 fallere
1245 2383 1463 2418 vocum
1492 2365 1999 2428 affinitasCancer
2021 2377 2081 2419 et
2098 2368 2474 2440 Gangraena.
2499 2409 2508 2412 <

193 2436 298 2490 Sed
334 2437 395 2490 in
427 2437 679 2489 Graecis
717 2435 963 2489 vocibus
1002 2447 1121 2487 non
1160 2443 1357 2504 potest
1392 2433 1611 2487 similis
1643 2434 2201 2490 essenhallucinatio.
2270 2441 2479 2510 Καρκί-

191 2523 289 2560 νον
320 2507 478 2558 enim
510 2506 600 2557 illi
632 2522 913 2559 cancrum
939 2503 1272 2572 appellant,
1324 2514 1447 2559 tam
1481 2505 1701 2557 animal
1728 2521 1904 2573 quarn
1935 2506 2247 2559 morbum:
2340 2500 2511 2560 uumx

192 2591 594 2649 gangraenam
635 2584 844 2643 putent
872 2573 1263 2627 Grammatici
1304 2570 1517 2645 deduci
1562 2570 1675 2625 ἀπὸ
1713 2576 1815 2626 τοῦ
1855 2592 1893 2643 γ
1929 2572 2135 2642 utrem,
2190 2526 2347 2644 quoii
2386 2587 2480 2628 est

194 2645 381 2697 edere.
474 2641 730 2695 Proinde
772 2643 1153 2694 retinendum
1198 2652 1286 2694 est
1328 2642 1432 2694 hic
1476 2642 1830 2695 vocabulum
1934 2659 2302 2712 angraenae,
2359 2660 2476 2714 quo

196 2728 331 2764 usus
362 2724 450 2766 est
482 2712 727 2774 Paulus,
771 2711 924 2780 quod
953 2711 1134 2764 etiam
1163 2710 1425 2781 pastioni
1456 2710 1683 2778 optime
1716 2713 2011 2765 convenit.
2093 2715 2218 2765 Iam
2254 2723 2481 2781 etymo·

102 2836 103 2839 ,
190 2781 412 2850 logiam
451 2782 803 2833 notavimus.
860 2780 960 2832 sed
999 2797 1204 2832 omnes
1240 2779 1458 2845 medici
1498 2780 1678 2832 talem
1708 2782 1835 2832 eius
1863 2789 2136 2834 naturam
2165 2799 2287 2835 esse
2316 2783 2482 2836 affir-

197 2861 392 2917 mant,
439 2858 511 2904 ut
538 2849 652 2901 nisi
683 2866 856 2918 quam
886 2847 1164 2901 ocissime
1197 2864 1542 2910 succurras,
1595 2848 1666 2902 ad
1694 2850 2223 2919 contiguaspartes
2257 2864 2479 2919 serpat,

197 2919 464 2990 adeoque
505 2919 566 2969 in
609 2934 747 2981 ossa¹
776 2926 1087 2986 penetret,
1133 2934 1244 2969 nec
1269 2916 1591 2984 ‚grassandi
1628 2918 1809 2971 finem
1841 2919 2054 2986 faciat,
2097 2919 2212 2971 nisi
2241 2920 2481 2973 homine

199 2991 510 3040 exstincto.
558 2983 781 3055 'Quum
821 3003 963 3056 ergo
1003 3002 1400 3056 gangraenam
1440 2985 1710 3054 protinus
1750 2998 2030 3057 sequatur
2060 2991 2345 3059 νέκρωσις,
2387 2989 2484 3042 vel

195 3056 482 3108 sideratio
506 3091 523 3120 ‚
585 3071 734 3123 quae
775 3071 908 3107 mox
949 3072 1054 3107 suo
1095 3056 1361 3124 contagio
1401 3052 1591 3106 inficit
1629 3054 1864 3125 reliqua
1902 3059 2170 3110 membra
2200 3074 2379 3127 usque
2412 3056 2487 3110 ad

198 3126 596 3178 universalem
640 3123 913 3194 corporis
958 3123 1297 3187 interitum,
1349 3124 1659 3191 eleganter
1692 3140 1830 3177 cum
1864 3130 1985 3178 tam
2014 3126 2243 3178 exitiali
2280 3134 2484 3178 conta·

162 3196 372 3260 *gione
403 3193 619 3244 Paulus
665 3192 1026 3269 adulterinas
1069 3192 1372 3243 doctrinas
1415 3202 1739 3262 comparat.
1824 3196 1974 3247 Nam
2018 3197 2065 3246 si
2100 3194 2324 3249 aditum
2366 3195 2486 3247 iuis

203 3264 383 3313 semel
416 3261 681 3326 dederis,
731 3261 1055 3328 pervadunt
1083 3277 1267 3330 usque
1297 3261 1370 3312 ad
1399 3262 1583 3331 totius
1614 3262 1919 3320 Ecclesiae
1950 3263 2220 3318 exitium.
2293 3265 2488 3334 Quum

202 3331 397 3399 igitur
434 3341 560 3381 tam
599 3330 776 3381 noxia
817 3330 895 3382 sit
936 3333 1248 3396 contagio,
1301 3341 1535 3383 mature
1573 3348 1885 3385 occurrere
1924 3333 2239 3401 convenit,
2293 3349 2487 3401 neque

204 3409 576 3468 exspectare,
604 3399 742 3451 dum
779 3415 1094 3467 progressu
1121 3401 1252 3469 ipso
1281 3400 1437 3450 vires
1467 3400 1836 3469 acquisierit.
1870 3412 1994 3454 non'
2020 3403 2177 3454 enim
2199 3401 2491 3460 tumuerit

203 3469 588 3521 subveniendi
641 3479 898 3534 tempus.
976 3467 1138 3519 Hinc
1185 3468 1502 3520 horribilis
1544 3468 1874 3535 Evangelii*
1912 3472 2224 3523 exstinctio
2276 3471 2354 3520 inx
2383 3470 2489 3521 Pa-

201 3546 342 3601 patu
364 3575 380 3604 ,
430 3537 588 3606 qnod
622 3537 864 3588 inscitia
894 3538 1196 3587 Pastorum
1218 3576 1234 3603 ,
1285 3536 1382 3588 vel
1407 3538 1659 3604 inertia,
1696 3538 1886 3590 diuet
1912 3540 2166 3592 licenter
2194 3548 2489 3608 grassatae

204 3613 336 3657 sunt
382 3607 798 3674 corruptelae,
868 3622 1018 3676 quae
1070 3605 1394 3675 puritatem
1446 3607 1761 3658 doctrinae
1818 3609 2104 3676 paulatim
2156 3607 2491 3661 abolerent.

210 3671 467 3738 Quorum·
506 3675 572 3724 de
611 3693 868 3726 numero.
951 3677 1248 3726 Monstrat
1288 3675 1475 3742 digito
1519 3684 1715 3744 pestes
1756 3675 1949 3745 ipsas,
1997 3688 2062 3730 ut
2104 3674 2217 3727 sibi
2259 3678 2331 3729 ab
2374 3675 2494 3728 illis

206 3756 405 3793 ornnes
453 3752 719 3796 caveant.
771 3759 910 3794 nam
937 3743 986 3793 si
1014 3742 1201 3795 latere
1232 3744 1381 3795 tales
1407 3744 1713 3815 homines,
1804 3746 1866 3797 ui
1901 3745 2232 3814 perniciem
2268 3744 2494 3799 machi-

207 3820 430 3863 nantur
458 3811 573 3863 toti
602 3812 936 3875 Ecclesiae,
975 3811 1271 3878 patimur:
1294 3810 1749 3881 'quodammodo
1764 3762 1898 3867 ‘illis
1922 3814 2271 3867 facultatem
2296 3813 2496 3866 damus
2535 3880 2538 3881 ⁷

211 3877 283 3927 ad
322 3879 678 3931 nocendum.
775 3880 1052 3948 'regenda
1094 3881 1334 3948 quidem
1377 3892 1518 3934 sunt
1560 3882 1819 3934 fratrum
1860 3883 2043 3936 vitia:
2107 3881 2207 3935 sed
2246 3898 2495 3963 quorum
2539 3910 2544 3917 ‹

210 3950 490 4013 contagio
545 3950 725 4001 latius
776 3967 893 4001 non
947 3959 1270 4015 grassatur.
1365 3950 1481 4001 Ubi
1524 3959 1727 4002 autem
1767 3951 1971 4004 multis
2013 3961 2102 4004 est
2139 3949 2497 4019 periculum,

211 4016 475 4070 crudelis
511 4027 599 4070 est
625 4026 831 4068 nostra
859 4018 1260 4084 dissimulatio,
1295 4019 1415 4069 nisi
1443 4022 1503 4069 in
1536 4030 1810 4086 tempore
1836 4021 2062 4072 malum
2087 4021 2281 4089 ipsum
2310 4018 2499 4071 latens

211 4085 534 4150 prodimus.
621 4085 1017 4159 Quid-enim?
1073 4103 1145 4137 an
1186 4097 1254 4138 ut
1291 4087 1394 4138 uni
1444 4104 1718 4155 parcam,
1772 4105 1906 4140 meo
1950 4089 2186 4142 silentio
2223 4086 2504 4156 peribunt

215 4160 467 4219 centum·
494 4164 596 4207 aut
632 4154 843 4205 mille?
913 4148 1122 4224 Neque
1166 4172 1307 4208 vero
1357 4157 1470 4208 soli
1508 4153 1829 4209 Timotheo
1874 4158 1992 4210 hoc
2031 4157 2259 4211 dictum
2287 4155 2504 4208 Paulus

212 4220 444 4287 voluit,
495 4223 594 4275 sed
638 4224 907 4276 omnibus
948 4224 1225 4290 gentibus
1262 4241 1339 4277 ac
1374 4226 1629 4278 saeculis
1669 4235 2107 4280 testatam-esse
2138 4223 2331 4278 voluit
2357 4224 2505 4274 duo-

216 4302 350 4340 rum
388 4289 697 4349 hominum
730 4291 1135 4362 impietatem,
1189 4303 1252 4346 ut
1297 4292 1460 4347 viam
1499 4293 1911 4364 praecluderet
1943 4311 2156 4367 pravae
2186 4302 2245 4344 et
2275 4291 2506 4344 exitiali

219 4371 429 4427 eorum
469 4360 802 4414 doctrinae.
889 4360 1212 4431 Postquam
1249 4371 1448 4429 autem
1487 4361 1799 4416 recessisse
1837 4380 1940 4418 eos
1983 4381 2019 4417 a
2052 4361 2303 4416 veritate
2342 4360 2505 4426 dixit,

220 4425 484 4493 speciem
518 4429 715 4498 ipsam
742 4429 961 4485 erroris
990 4430 1289 4502 designat,
1324 4431 1485 4502 quod
1513 4428 1839 4502 iactarent,
1879 4431 2356 4487 resurrectionem
2389 4446 2508 4484 esse
