2820 4895
662 258 800 326 An
863 254 1889 365 nummos—cumn.
2016 268 2022 285 ι
2152 208 2153 211 ¹
2297 263 2430 331 449

142 408 520 499 testamenti
557 421 944 506 Mediator,
1001 425 1184 512 quod
1231 438 1441 514 super
1475 427 2079 515 praestantioribus
2120 434 2421 517 promis·-

143 519 441 584 sionibus
468 514 967 601 promulgatum
998 513 1146 579 fuit.
1451 532 1456 537 ·
1760 530 1767 539 ⁸
1873 562 1877 567 .
1910 524 1917 529 ·

184 674 196 696 ,,
277 641 327 691 1.
398 641 584 691 Porro
623 634 835 689 eorum.
908 635 983 685 Ut
1010 634 1199 684 sciant
1220 631 1505 700 lectores,
1563 650 1679 705 qua
1709 635 1781 686 de
1808 651 1875 686 re
1901 634 2260 705 disputetur,
2309 638 2420 691 ad·-

133 716 351 775 Jnonetz
376 720 440 758 se
475 706 588 758 hoc
625 721 832 775 agere,
891 713 958 763 ut
994 705 1204 770 probet
1239 704 1541 770 spirituale
1582 721 1706 756 esse
1746 700 1965 758 Christi
2002 708 2418 777 sacerdotium,

140 794 254 849 quo
284 777 428 831 illud
467 775 659 845 legale
698 774 1019 827 aboleatur.
1091 772 1281 841 Pergit
1347 774 1540 828 uidem
1566 774 1626 826 in
1652 775 1857 827 eodem
1887 786 2261 846 argument03
2315 781 2420 833 sed

140 845 479 918 quiavariis
505 846 832 909 rationibus
861 850 1114 913 pugnat,
1163 843 1296 895 ideo
1453 861 1486 895 c
1526 844 1989 898 admonitionem
2023 849 2300 914 inseruit,
2354 861 2423 905 ut

138 923 386 971 intentos
414 916 488 968 ad
516 914 758 984 scopum
790 916 1037 967 lectores
1061 918 1310 969 tener‘et.
1369 916 1510 980 ,Iam
1541 915 1750 980 evicit,
1791 914 2085 970 Christum
2116 927 2240 970 esse
2266 921 2418 973 Pon-

137 980 387 1052 tificem3
437 1002 594 1039 nunc
633 984 970 1051 contendit,
1018 981 1430 1036 coelesteesse
1474 987 1598 1037 eius
1640 984 2048 1041 sacerdotium.
2085 989 2445 1071 ,UJude‘se-s

138 1061 333 1128 quitur
351 1095 368 1125 ,
407 1058 532 1110 eius
549 1056 810 1111 adventu
838 1069 1182 1107 evanescere
1209 1053 1354 1106 illud
1371 1091 1388 1121 ,
1430 1056 1586 1126 quod
1610 1055 1802 1108 Moses
1828 1057 1935 1109 sub
1962 1059 2118 1127 Lege
2145 1060 2418 1112 institue·
2474 1062 2479 1065 ⁷

136 1139 258 1193 rat,
292 1128 429 1200 quia
451 1137 747 1179 terrenum
769 1126 901 1179 fuit.
923 1184 926 1193 .
973 1127 1125 1194 Quia
1154 1134 1349 1179 autem
1373 1140 1579 1192 passus
1602 1135 1689 1176 est
1708 1126 1974 1180 Christus
1999 1127 2055 1178 in
2083 1127 2417 1199 humilitate

136 1201 357 1263 carnis,
407 1206 468 1250 et
491 1194 788 1265 assumpta
811 1196 992 1248 etiam·
1010 1193 1156 1248 servi
1183 1195 1372 1246 forma
1402 1195 1733 1248 exinanitus
1765 1195 1878 1249 fuit
1903 1198 1963 1248 in
2002 1199 2218 1251 mundo
2256 1200 2418 1267 (Phi-

133 1271 275 1338 lipp.
302 1270 356 1336 2,
384 1269 493 1337 7.):
543 1267 617 1319 ad
645 1267 768 1319 eius
795 1280 1099 1318 ascensum
1125 1280 1233 1321 nos
1259 1265 1570 1332 Apostolus
1594 1276 1858 1335 revocat,
1913 1284 2023 1338 quo
2048 1285 2165 1320 non
2189 1281 2421 1326 tantum

139 1341 405 1407 absorpta
444 1337 560 1390 fuit
595 1337 784 1392 crucis
822 1335 1138 1407 ignominia
1155 1371 1174 1399 ,
1193 1326 1210 1359 s
1228 1337 1328 1386 sed
1358 1335 1589 1388 abiecta
1616 1336 1718 1388 illa
1745 1344 1805 1387 et
1831 1338 2107 1407 ignobilis
2135 1342 2414 1411 conditio,

139 1425 307 1480 quam
331 1406 506 1462 simul
531 1424 664 1461 cum
694 1423 869 1459 carne
896 1402 1416 1458 nostrainduerat.
1488 1406 1634 1459 Nam
1665 1423 1735 1458 ex
1757 1407 1862 1459 illa
1882 1409 2140 1477 ‚Spiritus
2178 1411 2416 1481 virtute,
2510 1410 2516 1416 “

140 1478 371 1550 quaein
402 1479 829 1532 resurrectione
851 1491 1237 1544 ascensusque
1268 1474 1482 1549 Christi
1513 1475 1765 1542 effulsit,
1811 1480 2185 1531 aestimanda·
2204 1492 2292 1533 est
2326 1500 2416 1535 sa-

143 1546 383 1603 cerdotii
421 1549 542 1602 eius
567 1546 856 1621 dignitas.
944 1547 1035 1599 Sic
1076 1556 1211 1614 ergo
1256 1546 1546 1613 disputat:
1605 1548 1796 1667 quum
1842 1550 1916 1601 ad
1968 1550 2262 1603 dexteram
2301 1552 2421 1605 Dei

140 1618 543 1679 conscenderit
568 1618 865 1685 Christus,
917 1626 983 1676 ut
1006 1614 1315 1684 magnifice
1345 1615 1412 1668 in
1440 1616 1604 1668 coelo
1665 1625 1866 1686 egnet,
1916 1636 2034 1673 non
2074 1626 2159 1672 est
2197 1620 2419 1676 terreni
2468 1624 2473 1631 ‘

138 1690 463 1757 sanctuarii
485 1690 796 1757 minister,
839 1687 941 1741 sed
969 1687 1254 1740 coelestis.
1329 1684 1638 1739 Genitivus
1669 1689 2014 1742 Sanctorum
2040 1688 2140 1742 hic
2173 1690 2233 1742 in
2272 1710 2418 1745 neu-

132 1770 228 1813 tro
265 1777 475 1830 genere
507 1760 811 1830 accipitur.
884 1760 962 1810 Et
984 1757 1298 1823 ‘Apostolus
1338 1773 1399 1817 se
1439 1757 1625 1825 ipsum
1668 1757 1955 1826 explicat,
2005 1776 2182 1829 quum
2221 1763 2415 1816 addit:

79 1876 82 1883 .
131 1832 254 1883 veri
293 1832 679 1883 tabernaculi.
752 1827 865 1882 Sed
894 1828 956 1880 id
982 1827 1186 1896 quaeri
1214 1836 1440 1895 potest,
1476 1844 1553 1879 an
1581 1827 2027 1882 tabernaculum
2061 1847 2095 1881 a
2118 1825 2288 1885 Moie
2316 1851 2419 1886 ex-

73 1922 100 1941 s
132 1901 446 1966 structum,
494 1900 706 1952 falsum
748 1917 818 1951 ac
858 1906 1081 1950 temere
1125 1904 1522 1961 constructum
1559 1897 1770 1961 fuerit,;
1821 1898 2198 1953 subest'enim
2224 1905 2414 1957 tacita
2464 1922 2469 1927 ·
2532 1898 2545 1913 ⁹

135 1970 418 2039 oppositio
447 1971 509 2021 in
538 1970 665 2024 istis
691 1970 897 2022 verbis.
967 1967 1347 2035 Respondeo,
1399 1966 1555 2020 hanc
1582 1968 1883 2021 veritatem
1903 2007 1919 2034 ‚
1974 1971 2044 2021 de
2071 1968 2185 2039 qua
2219 1973 2416 2044 loqui-

132 2050 261 2106 tur,
311 2056 431 2091 non
468 2040 811 2106 mendacio,
861 2038 962 2090 sed
1000 2038 1204 2106 figuris
1240 2040 1472 2088 tantum
1511 2039 1757 2105 opponi,
1807 2040 2416 2106 quemadmodum·10-

129 2110 307 2163 hann.
336 2125 464 2177 cap.
499 2113 547 2176 1,
581 2112 663 2165 17.
697 2111 815 2161 Lex
840 2125 946 2175 per
973 2109 1182 2160 Mosen
1216 2107 1353 2159 data
1385 2115 1503 2171 est,
1544 2108 1821 2176 gratia‘et
1846 2110 2057 2161 veritas
2087 2127 2194 2179 per
2221 2115 2414 2169 Iesum

138 2180 429 2234 Christum
455 2180 616 2232 facta
646 2188 747 2241 est,
817 2180 976 2248 Ergo
1014 2187 1178 2229 vetus
1213 2176 1355 2230 illud
1393 2177 1838 2233 tabernaculum
1874 2196 1990 2232 non
2019 2180 2193 2235 inane
2227 2182 2416 2236 horni-

131 2251 226 2307 nis
261 2260 657 2303 commentum
690 2250 835 2317 fuit,
885 2249 984 2302 sed
1024 2248 1243 2316 effigies
1284 2246 1548 2300 coelestis
1588 2248 1983 2313 tabernaculi3
2044 2252 2179 2321 quia
2216 2262 2416 2307 tamen
2498 2308 2501 2311 ,

130 2321 337 2375 umbra
363 2321 560 2374 differt
590 2337 624 2373 a
664 2336 939 2388 corpore,
991 2327 1048 2368 et
1078 2317 1430 2387 significatio
1465 2336 1498 2369 a
1523 2334 1588 2368 re
1615 2321 1776 2387 ipsa:
1827 2318 1961 2371 ideo
1997 2336 2197 2372 verum
2232 2323 2415 2378 fuisse

131 2392 573 2446 tabernaculum
614 2400 785 2462 negat
822 2388 1163 2460 Apostolus,
1228 2405 1298 2441 ac
1343 2387 1408 2441 si,
1447 2388 1668 2441 diceret
1720 2387 1900 2443 fuisse
1953 2389 2233 2445 duntaxat
2280 2408 2415 2449 um-

126 2463 355 2516 bratile.
1374 2513 1378 2519 .
1552 2497 1563 2502 -

71 2534 86 2545 ⁸
268 2534 321 2586 2.
393 2530 561 2599 Quod
585 2534 737 2602 fixit
764 2530 1071 2586 Dominus.
1139 2529 1433 2600 Quidnam
1473 2529 1579 2582 sibi
1606 2530 1724 2583 vult
1751 2532 2087 2601 Apostolus,
2135 2533 2290 2605 quod
2316 2552 2415 2587 sa-

129 2602 457 2656 cerdotium
488 2600 700 2653 Christi
727 2602 884 2654 locat
912 2601 975 2651 in
1009 2599 1212 2652 coelo?
1282 2603 1435 2668 Nam
1465 2610 1622 2652 certe
1651 2602 1707 2654 in
1744 2604 1917 2655 terris
1955 2620 2153 2670 passus
2193 2614 2307 2670 est,
2354 2613 2447 2656 et=

126 2672 669 2741 sanguine”terreno
701 2672 876 2741 (quod
904 2687 970 2721 ex
1000 2672 1221 2723 semine
1252 2670 1518 2722 Abrahae
1545 2670 1829 2742 originem
1859 2679 2141 2742 traxerat)
2173 2684 2417 2743 peccata

125 2754 330 2796 nostra
369 2741 653 2810 expiavits
699 2741 1057 2795 sacrificium
1097 2742 1301 2814 mortis
1341 2740 1466 2793 eius
1505 2740 1727 2796 visibile
1761 2741 1900 2806 fuit3
1958 2745 2208 2813 denique
2251 2753 2317 2797 ut
2353 2755 2427 2796 se‘

124 2813 290 2867 Patri
331 2812 601 2878 offeri-et,
657 2829 690 2862 e
731 2812 893 2865 coelo
935 2810 1287 2874 descendere
1325 2811 1388 2862 in
1428 2821 1682 2876 terram,
1706 2813 1787 2863 ‘et
1816 2812 2112 2866 hominem
2148 2815 2414 2867 mortalis
2518 2807 2533 2822 ⁸

124 2884 279 2935 vitae
312 2883 610 2935 aerumnis
640 2881 968 2935 aotandem
998 2883 1173 2933 morti
1203 2882 1516 2934 obnoxium
1546 2879 1678 2932 fieri
1716 2881 1906 2949 ipsum
1941 2886 2222 2954 oportuit.
2296 2885 2413 2937 Re-

128 2952 424 3021 spondeo,
459 2953 732 3022 quicquid
756 2963 1053 3006 terrenum
1080 2952 1144 3003 in
1174 2950 1421 3005 Christo
1434 2952 1624 3020 prima
1648 2952 1801 3005 facie
1830 2964 2072 3023 apparet
2091 2993 2107 3023 ,
2145 2953 2413 3025 spiritua—

121 3024 264 3076 liter
300 3022 437 3075 fidei
478 3023 646 3076 oculo
681 3021 1172 3075 considerandum
1208 3038 1350 3076 esse.
1423 3024 1514 3075 Ita
1554 3037 1691 3076 caro
1728 3026 1878 3089 eius,
1919 3041 2069 3093 quae
2096 3042 2166 3077 ex
2194 3025 2415 3078 semine
2466 3031 2485 3042 ’“

120 3091 391 3146 Abrahae
442 3093 571 3145 orta
621 3102 779 3162 erat,
842 3109 1020 3163 quum
1064 3092 1179 3145 Dei
1227 3090 1510 3161 templum
1564 3097 1745 3159 esset,
1788 3094 2228 3163 ‘vivifica·fuit,
2284 3095 2411 3147 rimo

125 3155 345 3216 Christi
383 3178 543 3215 mors
584 3166 753 3216 totius
787 3164 1003 3215 *mundi
1033 3163 1153 3214 ‘fuit
1191 3161 1343 3229 vita,
1390 3162 1543 3232 quod
1585 3171 1743 3215 certe
1782 3180 1960 3233 supra
1999 3173 2271 3218 naturam
2310 3173 2414 3220 est.

120 3234 384 3286 Proinde
424 3234 727 3301 Apostolus
770 3249 886 3284 non
928 3232 1219 3285 humanae
1262 3240 1494 3284 tantum
1530 3242 1776 3285 naturae
1811 3236 2260 3303 proprietatem,
2314 3235 2414 3288 sed

120 3305 327 3372 potius
365 3318 642 3356 arcanam
684 3305 799 3356 vim
831 3304 1079 3373 Spiritus
1116 3304 1385 3369 respicit,
1439 3318 1552 3372 quo
1594 3303 1694 3370 fit,
1744 3312 1809 3354 ut
1835 3320 1991 3357 mors
2019 3304 2235 3358 Christi
2268 3304 2415 3357 nihil

122 3387 432 3426 terrenum
464 3375 669 3442 sapiat.
731 3374 871 3426 Ideo
901 3390 1078 3442 quum
1102 3374 1172 3423 de
1190 3372 1424 3438 Christo
1443 3374 1652 3441 agitur,
1694 3372 1977 3427 discamus
2000 3392 2196 3429 sensus
2216 3388 2414 3444 oxmnes

114 3453 355 3497 nostros
383 3443 655 3497 attollere
692 3443 757 3496 in
785 3460 1028 3512 regnum
1055 3445 1195 3497 Dei:
1249 3445 1328 3495 ita
1365 3440 1514 3498 nihil
1554 3444 1810 3511 scrupuli
1848 3444 2112 3497 in—nobis
2147 3446 2414 3506 restabitss

110 3516 188 3567 In
234 3512 481 3566 eundem
524 3514 651 3566 fere
691 3515 925 3566 modum
967 3514 1231 3585 loquitur
1254 3513 1464 3584 Paulus
1505 3514 1792 3566 secundae
1827 3515 1898 3566 ad
1929 3516 2256 3568 Corinthios
2296 3518 2411 3584 epi·
2438 3547 2452 3559 κ
2538 3525 2541 3530 “
2634 3525 2637 3530 “

112 3585 310 3638 stolae
340 3599 406 3635 ca
451 3584 531 3636 ite
560 3584 776 3654 quinto.
848 3584 1042 3636 Deum
1081 3583 1246 3637 huius
1281 3577 1648 3636 taberndculi
1687 3583 1956 3650 opi-ficem
1997 3577 2298 3651 nominat,
2351 3593 2415 3638 ut

107 3665 287 3707 notet
314 3601 585 3714 uagi-lem
612 3670 682 3705 ac
709 3662 1050 3722 perpetuum
1075 3654 1206 3706 fore
1230 3653 1353 3706 eius
1379 3662 1624 3722 statum,
1675 3655 2170 3722 quemadmodum
2209 3674 2243 3707 e
2273 3671 2412 3707 con·
2545 3666 2576 3690 κ

110 3741 289 3776 verso
308 3763 325 3791 ,
376 3739 526 3793 quae
554 3725 820 3776 manibus
844 3723 1151 3777 hominum
1177 3732 1581 3790 exstruuntur,
1629 3723 1846 3775 caduca
1875 3733 2007 3775 sunt
2024 3763 2040 3791 ,
2089 3726 2179 3777 vel
2203 3726 2415 3779 saltem

108 3796 332 3854 ruinae
364 3793 648 3848 subiecta.
721 3795 851 3847 Hoc
880 3804 1074 3846 autem
1102 3794 1234 3847 ideo
1261 3793 1440 3859 dicit,
1491 3794 1628 3863 quia
1666 3811 1802 3845 vere
1830 3795 2106 3847 Divinum
2134 3795 2244 3847 fuit
2272 3812 2414 3865 opus

106 3865 448 3932 redemptio
489 3872 680 3916 morte
719 3864 941 3917 Christi
978 3873 1182 3935 parta,
1248 3874 1308 3917 et
1346 3864 1472 3917 illic
1508 3879 1571 3916 se
1608 3863 1861 3917 mirifice
1888 3861 2117 3928 'Christi
2151 3868 2463 3958 potentia>

105 3935 389 3987 exseruit.
1544 3937 1562 3962 ‘

257 4003 340 4057 3.-
398 4001 603 4057 Omnis
644 4004 794 4055 enim
838 4004 1140 4070 Pontifex.
1224 4002 1353 4056 Hoc
1396 4001 1648 4054 intendit
1686 4001 2024 4072 Apostolus,
2091 4020 2206 4056 non
2246 4019 2412 4071 posse

104 4073 339 4126 Christi
369 4073 757 4125 sacerdotium
781 4089 916 4138 cum
938 4073 1118 4125 veteri
1140 4072 1242 4125 illo
1268 4073 1524 4126 Levitico
1551 4081 1725 4124 stare.
1788 4073 1964 4125 Ratio
1990 4072 2271 4142 probandi
2293 4084 2410 4128 est:
2449 4081 2468 4095 '

104 4144 385 4197 Instituit
415 4144 535 4196 Lex
564 4143 941 4210 Sacerdotes,
982 4154 1046 4197 ut
1070 4142 1361 4195 sacrificia
1386 4144 1514 4195 Deo
1542 4143 1826 4194 offerant:
1864 4137 2016 4195 un‘de
2041 4143 2250 4212 liquet,
2284 4145 2409 4195 ina·

98 4231 250 4269 nem
298 4214 430 4266 fore
461 4214 783 4266 sacerdotii
821 4214 1056 4266 titulum
1099 4213 1225 4278 sine
1262 4209 1574 4266 sacrificio.
1654 4211 1913 4265 Christus
1955 4221 2149 4265 autem
2185 4213 2408 4265 nullam

98 4277 296 4338 habet
341 4283 662 4351 hostiams
691 4283 1036 4353 qualessub
1081 4284 1238 4353 Lege
1279 4283 1531 4335 usitatae
1569 4281 1831 4338 fuerunt:
1894 4282 2033 4335 hinc
2083 4283 2412 4349 conficitur,
2482 4342 2491 4346 ‚

102 4371 237 4407 non
282 4366 586 4408 terrenum
629 4364 727 4407 aut
772 4353 1007 4407 carnale
1046 4369 1170 4406 esse
1201 4351 1324 4406 eius
1362 4352 1786 4419 sacerdotium,
1835 4353 1936 4404 scd
1970 4353 2411 4423 praestantioris

92 4424 368 4494 generis.
437 4425 608 4479 Nunc
633 4424 995 4479 excutiamus
1022 4422 1275 4494 singulas
1297 4422 1639 4478 sententias.
1697 4424 1894 4476 Prima
1922 4422 2070 4477 haee
2096 4425 2406 4478 observatu

1827 4507 1835 4528 l

189 4495 281 4559 11.
369 4581 376 4587 ο
1575 4496 1657 4557 29
