2820 4895
341 253 471 317 828
837 292 842 299 -
895 242 1004 316 m
1079 250 1711 326 Epis‘ronass,
1752 249 2083 320 patna

338 420 543 489 itaque
581 418 865 476 iudicium
902 419 1027 474 eius
1059 420 1320 490 effugiet.
1392 419 1696 490 Appen-itio
1725 419 1947 475 Christi
1975 436 2030 474 es
2070 436 2305 489 regnum
2344 418 2502 474 idem
2534 437 2656 487 ‚va-

341 490 484 544 lent.
552 491 968 545 Nam-tametsi
1000 498 1388 559 nuncregnat
1415 491 1477 542 in
1504 492 1670 544 coelo
1700 499 1761 542 et
1794 491 1856 543 in
1897 501 2094 555 terrag
2145 492 2405 544 nondum
2439 500 2655 545 tamen

346 564 577 614 constat
614 563 773 615 clara
812 561 980 630 regni
1014 562 1139 615 eius
1177 560 1617 628 manifestatio,
1668 562 1811 631 quin
1839 564 2034 631 potius
2060 569 2121 612 et
2149 562 2254 614 sub
2284 577 2456 615 cruce
2493 563 2658 625 latet

344 630 688 698 obscurum,
739 640 798 683 et
823 632 1109 684 violenter
1134 632 1205 683 ab
1229 631 1491 684 hostibus
1518 642 1899 700 oppugnatur.
1969 634 2124 702 Ergo
2160 641 2303 685 tunc
2342 648 2477 684 vere
2521 642 2653 684 sta-

340 700 582 754 bilietur
608 703 733 756 eius
762 717 1039 769 regnum,
1092 717 1272 772 quum
1314 703 1614 769 prostratis
1652 703 1909 754 inimicis
1931 736 1950 768 ,
2004 712 2066 754 et
2106 703 2654 762 omniadversaria

343 779 639 893 potestate
667 771 1038 842 velsuhlata,
1090 772 1182 825 vel
1210 774 1271 827 in
1300 771 1545 825 nihilum
1569 772 1839 841 redacta,
1890 788 2055 825 suam
2094 774 2462 826 maiestatem
2495 788 2647 842 pro·

376 850 517 894 eret.
855 872 880 881 -·

479 980 532 1034 2.
609 982 776 1034 Insta
803 983 1153 1051 tempestive.
1224 982 1330 1035 His
1356 980 1542 1034 verbis
1568 996 1687 1033 non
1710 979 2112 1034 assiduitatem
2130 980 2305 1033 modo
2331 996 2641 1051 commen-

339 1048 480 1115 dat,
531 1051 631 1102 sed
661 1052 841 1104 etiam
865 1053 1297 1104 contentionem
1314 1088 1331 1116 ,
1382 1068 1530 1121 quae
1557 1051 1756 1103 omnia
1781 1049 2188 1105 difficultatum
2216 1052 2515 1105 obstacula
2546 1068 2645 1104 su-

346 1128 532 1189 peret.
603 1121 757 1173 Nam
785 1137 962 1193 quum
996 1122 1184 1181 simus,
1210 1131 1422 1173 natura
1450 1121 1658 1174 molles
1684 1119 1935 1173 nimium
1962 1121 2052 1173 vel
2076 1121 2305 1185 'desides
2323 1161 2339 1189 ,
2379 1121 2648 1175 minimis

345 1190 662 1259 quibusque
692 1192 1129 1260 impedimenti:
1154 1192 1331 1243 facile
1359 1191 1655 1263 cedimus,
1689 1192 1809 1243 imo
1834 1180 2087 1243 libenter
2117 1192 2417 1246 interdum*
2438 1209 2645 1245 accer-

339 1259 520 1312 simus
564 1260 819 1314 desidiae
860 1271 1095 1315 nostrae
1132 1261 1480 1331 patrocinia.
1550 1264 1673 1313 Iam
1704 1262 2178 1331 consideremus,
2232 1270 2374 1331 quot
2412 1261 2645 1314 artibus

339 1329 659 1383 instructus
685 1332 762 1391 sit
791 1332 972 1384 Satan
1002 1333 1075 1385 ad
1102 1348 1334 1386 cursum
1364 1339 1630 1384 nostrum
1657 1330 2186 1401 interpellandum,
2228 1332 2645 1402 deindexquam

340 1400 499 1453 tardi
534 1400 652 1453 sint
689 1402 764 1454 ad
805 1404 1164 1471 sequendum
1179 1431 1210 1467 ,ο
1247 1402 1347 1471 qui
1385 1410 1698 1468 vocantur,
1749 1412 1807 1452 et
1846 1419 2024 1471 quam
2058 1403 2367 1457 fastidiosi.
2438 1404 2645 1472 Quare

338 1486 461 1522 non
481 1472 739 1527 -multum
768 1471 886 1524 loci
911 1474 1151 1555 restabit
1179 1472 1535 1541 Evangelio,
1586 1473 1698 1524 nisi
1728 1471 2064 1541 importune
2101 1472 2319 1526 instent
2345 1474 2642 1527 Pastores.

339 1541 463 1594 Ista
484 1558 658 1611 porro
684 1544 1097 1609 importunitas
1125 1551 1247 1595 tam
1281 1544 1355 1594 ad
1385 1544 1686 1595 Pastorem
1717 1558 1891 1611 quam
1921 1544 1997 1596 ad
2028 1544 2305 1612 populum
2327 1542 2661 1596 referenda‘

342 1620 464 1680 est,
515 1611 591 1663 ad
617 1614 920 1664 Pastorem
946 1613 1184 1681 quidem
1201 1650 1217 1679 ,
1268 1629 1342 1665 ne
1368 1613 1490 1666 suis
1515 1620 1743 1665 tantum
1770 1612 1930 1695 hpris
1957 1621 2017 1665 et
2045 1630 2151 1682 pro
2180 1631 2291 1667 sua
2309 1614 2638 1687 commod}-

313 1702 314 1707 ¹
338 1688 463 1734 tate
490 1681 734 1735 docendi
761 1685 984 1735 muneri
1017 1683 1352 1747 incumbat3
1400 1683 1501 1735 sed
1523 1683 1699 1735 nullis
1724 1683 1969 1750 parcens
1995 1683 2290 1736 laboribus
2314 1700 2426 1735 nec
2449 1684 2641 1737 mole-

344 1751 471 1804 stiis
502 1761 703 1820 urgeat
730 1770 790 1806 se
814 1752 1022 1820 ipsum:
1094 1752 1302 1821 Populi
1337 1764 1604 1821 respectu
1631 1754 1935 1806 assiduitas
1963 1762 2051 1805 est
2077 1758 2442 1822 importuna,
2497 1754 2640 1806 dum

343 1820 739 1876 sollicitantur
765 1833 1060 1892 torpentes
1075 1824 1095 1890 ‘,
1139 1824 1275 1876 dum
1309 1824 1428 1875 alio
1455 1823 1899 1892 properantibus
1925 1840 2130 1877 manus
2159 1825 2456 1891 iniicitur,
2484 1825 2640 1876 dum

342 1907 525 1944 vanae
549 1894 754 1962 mundi
776 1894 1184 1962 occupationes
1207 1895 1596 1963 corriguntur.
1657 1896 1882 1946 Instare
1908 1902 2105 1947 autem
2129 1893 2286 1948 iubet
2317 1896 2637 1960 arguendo,

341 1963 732 2032 increpando,
783 1965 1102 2029 hortando«,
1154 1964 1358 2035 quibus
1394 1965 1584 2018 verbis
1611 1964 1935 2031 significat,
1986 1965 2184 2017 multis
2212 1964 2462 2019 stimulis
2491 1979 2638 2032 opus

245 2058 254 2061 ·
343 2047 468 2084 esse
496 2032 570 2084 ad
596 2050 701 2085 nos
728 2032 1140 2104 impellendos,
1187 2035 1338 2086 utin
1369 2044 1532 2088 recto
1565 2051 1737 2087 cursu
1767 2034 2220 2104 progrediamur.
2286 2036 2437 2086 Nam
2468 2035 2520 2085 si
2550 2049 2640 2085 es-

341 2102 516 2165 setfin
546 2105 712 2156 nobis
744 2120 814 2155 ea
845 2104 1141 2172 docilitaS,
1194 2123 1342 2174 quae
1381 2123 1505 2157 esse
1548 2105 1826 2173 debebat,
1876 2114 2022 2156 nutu
2060 2106 2185 2158 solo
2227 2122 2333 2157 nos
2370 2103 2638 2157 traheret

344 2171 566 2225 Christi
604 2174 886 2228 minister.
959 2176 1130 2226 Nunc
1167 2186 1365 2227 autem
1404 2194 1481 2228 ne
1522 2176 1857 2227 moderatae
1903 2174 2141 2245 quidem
2180 2174 2633 2240 exhortationes,

339 2257 418 2294 ne
446 2242 639 2296 dicam
665 2255 808 2297 sana
839 2244 1113 2311 consilia,
1165 2246 1546 2299 excutiendae
1576 2254 1810 2299 nostrae
1839 2246 2109 2298 tarditati
2141 2245 2468 2312 sufficiunt,
2522 2244 2638 2296 nisi

342 2313 588 2365 accedat
611 2317 808 2369 maior
834 2314 1353 2382 reprehensionum
1386 2326 1445 2368 et
1475 2315 1943 2384 obiurgationum
1973 2315 2355 2371 vehementia.
2498 2319 2637 2367 Cum

258 2380 273 2388 “
344 2385 503 2434 omni
537 2386 797 2440 lenitate.
870 2384 1051 2441 Valde
1083 2387 1410 2439 necessaria
1441 2388 1727 2457 exceptio.
1801 2387 1951 2439 Nam
1977 2386 2068 2438 vel
2093 2403 2196 2439 suo
2224 2387 2385 2456 ipsae
2413 2382 2637 2452 impetu

343 2454 659 2507 concidunt
683 2455 1119 2525 redargutiones
1139 2495 1158 2522 ‚,
1203 2459 1290 2511 vel
1319 2458 1381 2510 in
1413 2459 1635 2511 fumum
1660 2457 1875 2510 abeunt
1893 2496 1908 2526 ,
1950 2457 2058 2511 nisi
2088 2460 2362 2520 doctrina
2387 2454 2634 2507 fulcian-

338 2530 451 2575 tur.
536 2525 680 2578 Sunt
715 2515 877 2579 'euim
920 2527 1044 2581 tam
1086 2528 1520 2581 exhortationes
1563 2545 1739 2598 quam
1778 2528 2256 2596 reprehensiones
2297 2525 2636 2590 adiumenta

340 2592 643 2648 doctrinae
690 2604 954 2663 tantum:
1015 2597 1264 2668 ideoque
1305 2600 1430 2651 sine
1466 2616 1532 2650 ea
1571 2615 1779 2667 parum
1818 2608 1951 2651 sunt
1992 2598 2237 2651 validae.
2325 2595 2504 2664 Cuius
2549 2593 2634 2661 rei

341 2665 606 2733 exemplo
633 2676 766 2719 sunt
785 2704 802 2733 ,
841 2669 942 2737 qui
969 2667 1200 2722 fervore
1224 2677 1452 2722 tantum
1481 2678 1540 2721 et
1565 2670 1889 2723 acrimonia
1916 2668 2168 2736 pollent,
2218 2657 2404 2719 solida
2431 2673 2632 2716 autem

341 2732 610 2789 doctrina
639 2754 755 2795 non
788 2747 920 2790 sunt
950 2739 1181 2793 muniti.
1253 2740 1498 2793 Strenue
1538 2742 1694 2792 enim
1736 2757 1795 2790 se
1839 2740 2123 2807 fatigant,
2176 2752 2421 2804 magnos
2461 2736 2636 2786 edunt

341 2802 658 2875 clamores,
694 2809 1158 2877 tumultuantur,
1199 2805 1384 2880 idque‘
1406 2811 1532 2861 sine
1559 2810 1826 2879 profectu
1848 2847 1865 2878 ‚
1903 2810 2038 2879 quia
2070 2806 2389 2882 aedificant
2417 2806 2634 2874 absque

336 2874 736 2932 fundamento.
808 2880 1041 2950 Loquor
1070 2880 1138 2933 de
1166 2880 1334 2933 bonis
1365 2881 1482 2933 alio
1528 2883 1625 2949 ui,
1667 2880 1767 2932 sed
1797 2889 2001 2947 parum
2031 2878 2274 2930 eruditis
2303 2885 2362 2928 et
2391 2876 2631 2930 nimium

335 2944 597 3002 feruidis.
679 2949 830 3001 Nam
882 2949 982 3022 qui
1035 2950 1107 3002 ad
1168 2966 1474 3021 oppugnan
1521 2968 1617 3004 am
1668 2954 1870 3002 sa'nam
1925 2949 2255 3001 doctrinam
2302 2946 2629 3010 conferunt,

339 3017 620 3086 quicquid
661 3016 881 3070 habent
925 3018 1361 3088 vehementiae,
1425 3022 1595 3089 longe
1635 3030 1768 3073 sunt
1812 3019 2213 3085 nocentiores,
2279 3025 2338 3068 et
2381 3016 2630 3084 indigni,

338 3099 590 3157 quorum
614 3086 710 3140 hic
738 3088 842 3142 fiat
869 3091 1110 3144 mentio.
1169 3093 1232 3142 In
1260 3108 1509 3157 summa,
1538 3092 1747 3143 Paulus
1775 3090 1895 3143 vult
1921 3086 2397 3158 reprehensiones
2424 3087 2634 3138 funda-

334 3163 429 3207 tas
461 3175 581 3209 esse
609 3160 667 3209 in
694 3159 995 3227 doctrina,
1027 3177 1110 3210 ‘ne
1131 3162 1353 3213 mer-ito
1383 3171 1734 3230 spernantur
1759 3169 2043 3228 tanquam
2073 3149 2294 3211 futiles.
2366 3156 2632 3209 Secundo

341 3228 730 3281 acrimoniam
762 3230 880 3281 vult
906 3230 1147 3282 lenitate
1178 3239 1562 3301 temperatam
1603 3250 1746 3286 esse.
1818 3230 1981 3288 Nihil
2012 3231 2169 3283 enim
2200 3225 2495 3280 difficilius
2525 3233 2630 3290 est,

337 3313 547 3367 quam,
603 3297 702 3368 ubi
738 3293 916 3351 semel
946 3300 1331 3367 incaluimus,
1364 3303 1621 3354 ‘modurn
1646 3305 1948 3370 imponere
1976 3310 2175 3352 nostro
2200 3295 2440 3353 fervori.
2508 3298 2634 3349 Iam

335 3367 435 3419 ubi
460 3386 571 3420 nos
601 3368 758 3436 rapit
791 3370 1196 3440 impatientia,
1247 3374 1372 3424 sine
1410 3373 1679 3440 profectu
1725 3370 2145 3424 contendimus.
2217 3370 2637 3435 Praeterquam

338 3438 494 3491 enim
522 3441 673 3508 quod
703 3439 955 3492 ludibrio
986 3450 1070 3491 est
1096 3451 1295 3494 nostra
1333 3443 1649 3511 asperitaS‚
1700 3441 1898 3509 irritat
1933 3443 2114 3492 etiam
2157 3435 2354 3507 populi
2396 3438 2635 3490 animos.

302 3506 307 3513 '
335 3507 498 3559 Adde
528 3511 680 3578 quod
714 3526 875 3563 acres
906 3521 961 3563 et
992 3513 1176 3563 severi
1204 3512 1475 3564 homines
1502 3522 1564 3563 ut
1593 3513 1905 3581 plurimum
1927 3512 2180 3564 tolerare
2209 3514 2509 3575 nequeunt
2538 3523 2633 3558 eo-

332 3592 489 3643 rum,
525 3581 870 3648 quibuscum
901 3590 1095 3650 agunt,
1138 3582 1435 3648 duritiem,
1477 3591 1584 3633 nec
1613 3583 1795 3634 multa
1823 3581 2017 3636 taedia
2046 3588 2104 3632 et
2129 3577 2506 3645 indignitates
2536 3577 2638 3627 de-

333 3662 538 3699 vorare
577 3652 1100 3722 sustinent„quae
1146 3660 1341 3705 tamen
1387 3653 1806 3721 concoquenda
1854 3652 2023 3703 nobis
2059 3661 2223 3712 sunt,
2273 3648 2320 3698 si
2363 3647 2632 3714 prodesse

336 3718 618 3787 cupimus.
702 3722 954 3773 Proinde
1005 3722 1346 3775 adhibeatur
1387 3723 1683 3773 severitati
1726 3723 1844 3773 hoc
1884 3721 2137 3775 lenitatis
2176 3716 2629 3784 condimentum,

335 3795 404 3839 ut
432 3787 594 3841 illam
623 3795 906 3861 appareat
935 3808 1004 3845 ex
1034 3793 1264 3863 placido
1293 3793 1491 3845 animo
1510 3793 1771 3862 prodire.
2402 3823 2405 3824 ν
2504 3795 2517 3800 ”

473 3925 526 3980 8.
590 3928 744 3979 Nam
773 3930 884 3982 erit
912 3943 1149 3996 tempus.
1225 3933 1313 3984 Ex
1340 3931 1467 4000 ipsa
1493 3930 1797 3983 hominum
1816 3924 2109 3997 pravitate
2138 3923 2418 3992 ostendit,
2460 3939 2632 3992 quam

330 3993 568 4047 solliciti
602 3998 854 4049 debeant
882 4015 1004 4051 esse
1023 4002 1306 4053 Pastores.
1376 4004 1554 4053 Brevi
1578 4001 1735 4053 enim
1765 4000 1912 4064 fore,
1943 4007 2006 4050 ut
2032 3999 2432 4066 exstinguatur
2446 3995 2632 4047 Evan-

332 4065 552 4134 gelium
573 4105 589 4132 ,
644 4067 1011 4137 intereatque
1044 4087 1110 4120 ex
1146 4069 1445 4123 hominum
1477 4073 1761 4124 memoria
1781 4108 1797 4134 ,
1842 4070 1955 4120 nisi
1987 4083 2212 4119 summo
2242 4063 2438 4128 studio
2470 4063 2634 4117 adni-

331 4144 536 4187 tantur
592 4136 676 4204 pii
720 4139 1004 4190 Doctores
1057 4141 1247 4206 ipsum
1298 4142 1472 4194 tueri.
1555 4144 1787 4192 Interea
1843 4147 2041 4191 autern
2101 4138 2236 4189 dum
2294 4145 2382 4188 est
2441 4134 2635 4202 aliqua

333 4204 551 4258 Christi
579 4203 948 4274 reverentia,
983 4210 1261 4262 utendum
1287 4211 1598 4263 occasione
1622 4209 1949 4281 significat,
1988 4224 2058 4261 ac
2086 4209 2132 4259 si
2159 4208 2466 4275 ingruente
2493 4219 2633 4272 pro-

328 4275 482 4327 cella
518 4277 807 4345 quispiam
840 4277 1097 4345 diceret,
1155 4296 1273 4331 non
1318 4298 1441 4333 esse
1483 4283 1723 4335 remisse
1764 4275 2333 4354 laborandnn17-sed
2372 4274 2647 4345 gnaviter·

329 4342 768 4411 festinandum,
818 4346 960 4416 quia
997 4363 1135 4401 mox
1176 4343 1293 4400 no'n
1337 4351 1544 4419 eadem
1590 4350 1791 4405 futura
1832 4352 1910 4401 sit
1950 4347 2374 4418 opportunitas.
2502 4357 2637 4396 uum

328 4412 475 4468 dicit
523 4433 729 4472 sanam
770 4418 1098 4484 doctrinam
1134 4435 1254 4473 non
1296 4433 1667 4491 recepturos,
1719 4418 2055 4491 significat,
2105 4434 2223 4474 non
2254 4415 2437 4469 *modo
2570 4412 2637 4467 ti-

221 4593 480 4794 N
519 4665 524 4672 ·
909 4685 921 4718 x
