2820 4895
513 284 530 349 j
625 266 764 336 ΔΙ)
828 262 1419 337 HEBRAEOS
1481 269 1858 369 Giatvlss.
1922 270 2039 336 IX.
2358 274 2483 339 455

187 454 290 493 nes
316 433 632 508 prohiberi
658 455 693 491 a
720 435 966 495 coelesti
991 439 1319 518 sapientia,
1367 444 1432 493 et
1458 455 1711 508 magnos
1744 438 2072 505 sanabiles
2103 440 2179 494 ad
2210 456 2343 494 eain
2375 458 2479 496 sua

190 507 557 590 perspicacia
585 508 680 560 vel
711 510 1022 563 doctrinae
1048 509 1410 571 adiumentis
1445 527 1566 562 non
1592 508 1947 578 pervenire..
1997 509 2098 564 Sic
2138 510 2375 564 infimos
2418 521 2479 564 et

187 577 483 656 sssnobiles
526 576 772 631 summis
794 580 961 648 Deus
1000 579 1348 648 coniungit,
1396 590 1466 631 ut
1503 595 1702 648 neque
1735 578 1873 631 illos
1905 595 2011 632 sua
2034 578 2265 632 ruditas
2287 580 2471 649 impe·

184 647 333 712 dut,
381 662 587 714 neque
626 646 693 699 hi
735 650 983 715 proprio
1027 650 1299 701 acumine
1342 658 1467 700 tam
1516 649 1641 699 alte
1684 648 2110 709 conscendant3
2175 647 2276 700 sed
2322 665 2472 704 unus

184 730 476 784 peraeque
505 716 768 768 omniurn
792 718 1076 786 magister
1104 718 1177 769 sit
1206 716 1484 786 Spiritus.
1555 717 1726 786 Quod
1764 728 1963 768 autem
2001 716 2244 777 fanatici
2279 715 2474 771 homi·
2532 718 2537 727 ‘

181 800 283 835 nes
325 783 465 835 hinc
505 784 883 837 occasionem
926 784 1231 854 arripiunt
1280 785 1606 838 abolendae
1660 793 1941 839 externae
1990 785 2474 854 praedicationis,

183 870 252 904 ac
287 851 335 903 si
381 854 489 907 suh
525 853 748 915 Christi
774 870 980 922 >regno
1026 864 1183 907 esset
1219 869 1616 922 supervacua:
1670 853 1851 906 facile
1884 870 2091 906 eorum
2125 853 2353 911 insania
2378 871 2471 908 re·

180 920 430 974 fallitur.
502 922 669 973 Haec
702 939 911 975 eorum
955 934 1042 977 est
1088 923 1387 975 obiectio:
1439 924 1582 975 Post
1609 921 1834 975 Christi
1864 924 2187 975 adventum
2218 939 2338 976 non
2369 924 2467 975 de.

179 991 281 1042 bet
307 989 555 1059 quisque
587 994 912 1059 proximum
941 1009 1111 1045 suum
1135 993 1385 1044 docere:
1435 992 1690 1043 facessat
1721 991 1913 1059 igitur
1950 1002 2265 1059 esternum
2293 992 2472 1043 mini·

181 1060 462 1123 sterium,
513 1069 577 1111 ut
621 1058 894 1113 internae
921 1062 1037 1113 Dei
1075 1059 1466 1129 inspirationi
1510 1062 1689 1112 detur·
1721 1060 1908 1113 locus.
1975 1060 2162 1130 ‚Atqui
2201 1071 2467 1129 praeter·

116 1188 122 1199 ι
184 1137 362 1193 eunt,
402 1129 560 1204 quod
579 1127 889 1196 imprimis
914 1130 1426 1182 animadversione
1453 1129 1694 1198 dignum
1722 1138 1871 1182 erat.
1956 1131 2165 1199 Neque
2208 1129 2362 1182 enim
2402 1129 2468 1181 in

179 1205 370 1253 totum
401 1197 705 1265 Propheta
743 1207 964 1266 negat,
1018 1198 1158 1269 quin
1200 1198 1436 1255 docturi
1478 1202 1598 1250 sint
1636 1197 1745 1250 alii
1789 1199 1971 1265 alios,
2024 1196 2127 1251 sed
2153 1199 2300 1250 haec
2329 1208 2467 1250 sunt

181 1265 385 1317 verba:
436 1266 570 1317 Non
602 1266 903 1319 docebunt
926 1266 1216 1337 dicendo:
1269 1269 1589 1334 Cognosce
1615 1267 1976 1335 Dominum,
2027 1282 2098 1318 ac
2126 1264 2174 1318 si
2202 1266 2461 1318 diceret:

183 1335 605 1402 Non.amplius
647 1335 972 1403 occupabit
1010 1337 1324 1390 hominum
1365 1344 1595 1400 mentes
1634 1336 2013 1404 ignorantia,
2056 1334 2252 1405 qualis
2297 1343 2467 1387 ante-

181 1402 320 1467 hac,
355 1412 422 1455 ut
451 1402 762 1471 nesciant,
802 1404 935 1474 quis
962 1405 1044 1457 sit
1068 1407 1253 1459 Deus.
1338 1405 1572 1457 Scimus
1602 1414 1836 1473 autem,
1872 1404 2174 1473 duplicem
2206 1420 2333 1455 esse
2362 1404 2467 1457 do·

185 1471 409 1524 cti-inae
440 1488 613 1525 usum
633 1510 650 1541 ,
694 1473 915 1541 primo,
953 1482 1049 1540 nt,
1088 1475 1188 1543 qui
1215 1472 1453 1541 penitus
1481 1474 1662 1526 rudes
1686 1483 1862 1541 sunt,
1901 1491 1933 1525 a
1965 1473 2175 1541 primia
2208 1473 2467 1525 elemen-

183 1539 264 1592 tis
291 1540 615 1610 incipiant3
653 1542 898 1608 deinde,
923 1551 1033 1611 ¹ut,
1069 1542 1170 1611 qui
1200 1543 1325 1594 iam
1347 1553 1488 1594 sunt
1513 1541 1757 1606 initiati,
1794 1542 2048 1594 maiores
2074 1540 2300 1594 faciant
2330 1557 2467 1609 pro-

183 1608 428 1677 gressus.
529 1611 728 1680 Quum
769 1628 908 1681 ergo
954 1611 1353 1677 Christianis,
1406 1611 1691 1679 quamdiu
1729 1610 1971 1677 vivunt,
2028 1609 2466 1677 proficiendum

182 1677 294 1729 sit:
344 1686 577 1731 certum
607 1690 726 1746 est,
766 1679 1067 1733 neminem
1094 1697 1280 1750 usque
1313 1679 1459 1732 adeo
1489 1695 1735 1747 sapere,
1780 1679 1924 1748 quin
1952 1678 2155 1739 doc‘eri
2183 1695 2329 1748 opus
2357 1679 2466 1730 ha-

177 1745 349 1812 beat,
400 1755 468 1800 ut
507 1760 641 1814 pars
680 1765 803 1802 non
840 1744 1147 1818 postrema
1183 1747 1511 1816 sapientiae
1548 1758 1789 1803 nostrae
1827 1750 1898 1803 sit
1935 1748 2230 1802 docilitas.
2303 1749 2466 1818 Quae

178 1825 376 1867 autem
400 1803 756 1883 proficiendi
786 1818 861 1869 sit
888 1817 1077 1883 ratio,
1115 1818 1165 1870 si
1198 1817 1446 1870 velimus
1481 1817 1702 1869 Christi
1737 1834 1861 1869 esse
1886 1816 2204 1885 discipuli,
2250 1816 2466 1870 Paulus
2512 1872 2517 1877 ,

178 1885 435 1936 ostendit
487 1884 561 1936 ad.
605 1886 892 1955 Ephesios
946 1888 1141 1955 capite
1176 1885 1234 1951 4,
1265 1889 1387 1939 11.=
1456 1885 1790 1938 Constituit
1828 1886 2102 1939 Pastores
2130 1895 2201 1939 (et
2244 1885 2468 1937 Docto-

89 2018 94 2023 ·
176 1963 416 2006 res‘etc.
499 1955 661 2007 Hinc
702 1962 988 2025 apparet,
1037 1953 1199 2005 nihil
1235 1955 1427 2007 minus
1459 1954 1800 2021 Prophetae
1840 1955 2069 2008 venisse
2093 1954 2157 2005 in
2188 1963 2469 2017 mentem,

175 2038 353 2092 quam
390 2022 654 2091 spoliare
698 2023 1196 2079 Ecclesiam·tam
1239 2021 1579 2076 necessario
1623 2024 1819 2079 bone.
1894 2025 2161 2076 Tantum
2200 2021 2469 2087 indicare

176 2091 398 2155 voluit,
448 2092 644 2145 Deum
671 2090 867 2160 p'arvis
894 2110 964 2144 ac
993 2093 1221 2162 magnis
1253 2109 1315 2143 se
1344 2091 1821 2160 patefacturum,
1864 2090 2362 2160 'quemadmodum
2409 2099 2470 2143 et

174 2159 306 2212 Ioel
378 2159 634 2214 raedicit
665 2163 857 2231 capite
886 2160 938 2228 2,
966 2161 1055 2215 28.
1131 2160 1237 2213 Est
1264 2169 1463 2214 autem
1494 2161 1686 2212 obiter
1714 2161 1827 2212 hoc
1860 2177 2093 2229 quoque
2118 2159 2470 2225 notandum,

175 2177 564 2296 pecussariter
612 2230 763 2283 hanc
806 2247 984 2282 sanae
1032 2228 1481 2299 intelligentiae
1526 2230 1722 2283 lucem
1764 2229 2066 2282 Ecclesiae
2107 2227 2463 2298 prommitti.

178 2298 376 2368 Quare
401 2296 503 2349 hic
533 2298 702 2354 locus
730 2300 972 2352 nonnisi
1000 2300 1071 2351 ad
1100 2299 1460 2351 domesticos
1486 2298 1625 2350 fidei
1658 2298 1940 2365 pertinet.
2004 2292 2023 2317 ⁸

317 2363 399 2435 13.
477 2368 737 2420 Dicendo
766 2386 994 2420 novum.
1068 2369 1154 2419 Ab
1187 2366 1353 2419 unius
1380 2366 1672 2421 contrarii
1701 2366 1996 2436 positione
2020 2363 2266 2418 alterius
2300 2380 2466 2415 ever·¹

176 2433 406 2488 sionem
434 2436 706 2518 colligit,
742 2447 801 2489 et
830 2456 899 2490 ex
924 2436 1165 2489 nomine
1190 2436 1423 2504 Veteris
1451 2436 1828 2489 Testamenti
1858 2443 2277 2505 argumentum
2305 2450 2466 2487 assu-

174 2504 319 2570 mit,
369 2515 706 2575 oportuisse
746 2508 938 2577 ipsum
980 2506 1296 2574 abrogari3
1353 2514 1613 2558 vetustas
1655 2505 1812 2557 enim
1856 2506 1928 2556 ad
1969 2503 2286 2557 interitum
2328 2518 2468 2574 pro·-

173 2574 416 2643 pendet.
493 2573 883 2644 Deinde'quia
907 2592 1130 2628 novum
1161 2573 1565 2637 substituitur,
1604 2591 1849 2627 necesse
1887 2582 1995 2641 est,
2035 2582 2101 2626 ut
2128 2572 2287 2640 prius
2316 2569 2469 2621 illud

174 2641 439 2706 desinat,
492 2644 633 2713 quia
671 2643 788 2696 hoc
827 2644 1156 2697 secundum
1199 2637 1445 2697 alterius
1491 2653 1585 2695 est
1617 2643 1900 2723 ¹generiS,
1965 2640 2465 2712 quemadmodum

173 2709 400 2765 dictum
430 2722 539 2764 est.
614 2714 784 2783 Quod
812 2714 860 2764 si
889 2721 1088 2764 totum
1109 2713 1295 2765 Mosis
1328 2711 1758 2779 ministerium,
1796 2722 2088 2781 quatenus
2108 2708 2335 2764 Christi
2358 2707 2469 2776 mi·

168 2779 423 2834 nister-io
456 2782 815 2852 opponitur,
848 2781 1093 2838 interit:
1129 2792 1360 2836 cessant
1390 2781 1570 2833 etiam
1598 2780 1996 2834 ceremoniae.

1098 2963 1328 3068 CA‘P,
1380 2980 1517 3050 IX.

178 3139 239 3217 1.
302 3104 636 3202 Habebat
679 3138 952 3222 quidem
1001 3143 1196 3227 prius
1239 3139 1413 3205 illud
1460 3139 2003 3217 iustificatione8‚
2074 3135 2332 3213 cultus,
2401 3149 2471 3200 et

171 3234 487 3288 sanctum
517 3227 950 3288 mundanum.
1048 3231 1110 3290 2.
1158 3224 1702 3290 Tabernaculum
1732 3230 1914 3289 enim
1939 3227 2234 3310 primum
2270 3241 2465 3283 com-
2560 3267 2563 3270 >

105 3323 110 3330 ’
167 3311 476 3396 positum
523 3319 703 3383 erat,
762 3313 835 3372 in'
884 3330 1020 3392 quo
1065 3310 1536 3376 candelabrum
1569 3322 1638 3375 et
1664 3328 1895 3380 mensa
1923 3320 1991 3374 et
2016 3328 2263 3395 panum
2292 3325 2468 3392 pro-—

226 3396 467 3469 ositio,
514 3393 698 3477 quod
727 3393 1272 3460 dicitur'Sancta.
1372 3401 1428 3460 3.
1492 3397 1654 3460 Post
1682 3395 2055 3462 secundum
2088 3389 2316 3456 autem
2344 3410 2471 3462 ve—
2506 3427 2517 3434 ·

203 3500 324 3542 um
355 3478 902 3554 tabernaculum,
945 3480 1130 3568 quod
1158 3481 1401 3544 Sancta
1431 3493 1821 3546 sanctorum
1856 3479 2127 3555 dicitur,
2214 3474 2276 3539 4.
2321 3472 2472 3539 Au-

167 3583 371 3627 reum
414 3561 667 3627 babens
709 3562 1172 3642 thuribulum,
1227 3575 1310 3629 *et
1352 3586 1577 3632 arcam
1618 3565 1916 3629 foederis
1955 3562 2255 3645 undique
2299 3579 2472 3624 coo·-

165 3659 441 3734 pettam
499 3667 698 3724 auro,
761 3651 833 3710 in
882 3669 1012 3731 qua
1057 3669 1232 3726 urna
1272 3668 1475 3713 aurea
1516 3645 1773 3714 habens
1814 3648 2101 3722 Manna,
2168 3655 2236 3709 et
2282 3646 2469 3729 virga

161 3731 442 3806 Aaron,
485 3733 656 3814 qu¹ae
681 3730 1021 3811 floruerat,
1069 3749 1136 3799 et
1166 3734 1435 3800 tabulae
1465 3734 1902 3798 Testamenti.
1988 3733 2047 3795 5.
2094 3729 2315 3816 Supra
2341 3749 2471 3811 auss

164 3827 315 3880 tem
342 3819 559 3904 ipsam
577 3815 942 3881 Cherubim
967 3817 1222 3904 gloriae
1251 3820 1727 3888 obumbrantes
1756 3817 2304 3905 propitiatorium
2321 3835 2340 3897 ;
2385 3812 2469 3879 de

168 3903 426 3987 quibus
456 3921 590 3964 non
620 3906 860 3972 attinet
891 3899 1076 3975 nunc
1103 3904 1328 3969 dicere
1358 3902 1721 3989 sigillatim.

321 4019 371 4071 1.
441 4016 709 4082 Habebat
745 4021 971 4088 quidem
1010 4022 1196 4087 prius.
1274 4021 1600 4090 Postquam
1626 4020 1705 4073 in.
1721 4034 1949 4088 genere
1970 4017 2044 4071 de
2072 4012 2469 4094 abrogatione

167 4086 420 4139 Veteris
461 4088 832 4140 Testamenti
881 4090 1164 4157 loquutus
1215 4097 1336 4155 est,
1391 4101 1556 4150 nune.
1594 4089 1944 4160 specialiter
1980 4086 2056 4137 ad
2082 4096 2467 4141 *ceremonias
2553 4099 2558 4112 ·

165 4157 522 4209 carnonam
547 4155 726 4208 illum
743 4159 1185 4210 accommodat.
1258 4157 1597 4216 Consilium
1623 4168 1819 4218 autem
1849 4155 1970 4209 eius
1997 4164 2120 4221 est,
2161 4151 2470 4206 ostendere

165 4223 337 4277 nihil
365 4234 511 4277 tunc
536 4223 726 4277 fuisse
755 4226 822 4276 in
848 4243 993 4293 usu,
1029 4228 1127 4279 cui
1155 4227 1339 4279 finem
1369 4244 1490 4279 non
1514 4225 1882 4297 imposuerit
1902 4225 2129 4276 Christi
2162 4222 2469 4278 adventus.

164 4292 488 4362 Principio
517 4294 693 4360 dicit,
729 4293 793 4346 in
821 4295 1036 4347 Veteri·
1054 4298 1440 4349 Testamento
1469 4306 1695 4349 certam
1725 4295 1913 4349 fuisse
1940 4293 2126 4344 divini
2156 4291 2350 4343 cultus
2377 4302 2467 4338 re.-

165 4362 417 4444 ssulqu,
471 4372 531 4422 et.
568 4378 720 4444 quae
762 4364 1153 4433 peculiariter
1191 4364 1456 4445 tempori
1499 4372 1885 4446 congrueret.
1969 4364 2179 4442 l’ostea
2207 4374 2277 4410 ex
2308 4371 2468 4436 eom·

166 4441 505 4502 paratione
522 4433 786 4502 patebit,
824 4433 1034 4504 quales
1054 4432 1294 4490 {assint
1317 4450 1528 4496 omnes
1546 4433 1645 4495 illi,
1665 4441 1820 4490 situs
1839 4469 1857 4503 ,
1889 4447 1995 4502 qm
2025 4447 2089 4488 m
2110 4429 2272 4497 Lege
2302 4440 2473 4494 ΡΥΦΘ·
