2820 4895
338 209 347 218 ’
393 221 525 337 244
922 255 1059 324 ΑΝ
1100 232 1747 330 -ssm's‘roLA-t:
1812 235 2144 360 'paim
2213 213 2220 220 ’

306 467 313 474 „
394 425 625 482 trition.
709 426 908 500 Quare
931 442 1059 481 non
1085 432 1179 502 est
1208 424 1366 497 quod
1391 422 1506 481 sibi
1535 424 1953 498 blandiantur,
2003 426 2056 486 si
2092 426 2166 483 dd
2202 428 2426 488 cultum
2455 429 2572 487 Dei
2604 447 2695 486 u·

398 496 719 552 serendum
745 495 1049 550 adiutores
1075 511 1138 549 se
1168 496 1455 569 praebere
1481 497 1879 567 neglexerint.

536 632 595 689 8.
665 631 794 686 1100
821 633 974 686 enim
996 634 1203 686 bonum
1230 646 1336 691 est.
1419 626 1738 705 Postquam
1766 632 1916 688 utile
1943 625 2072 690 esse
2100 631 2308 689 docuit
2338 639 2500 709 quod
2524 655 2696 709 prae·

402 701 699 772 elpiehat,
734 699 855 757 iam
882 701 1134 755 validius
1162 711 1580 772 argumentum
1612 706 1927 774 proponit,
1975 706 2107 759 Deo
2135 707 2222 760 ita
2249 705 2508 775 placere.
2557 726 2696 764 nam

400 771 513 827 ubi
555 780 789 824 constat
833 771 906 823 de
948 769 1077 823 eius
1115 770 1461 839 voluntate,
1511 773 1704 823 instar
1732 773 2002 826 omnium
2029 775 2332 829 rationum
2363 794 2487 828 esse
2519 778 2696 832 nobis

401 843 601 895 debet.
671 841 904 893 Bonum
948 838 1169 908 accipit
1206 857 1314 908 pro
1357 849 1524 892 recto
1567 851 1626 892 et
1664 842 1964 914 legitimo.
2039 845 2192 912 Quia
2225 854 2418 897 autem
2447 847 2567 897 Dei
2602 865 2700 900 vo·

399 913 600 965 luntas
643 908 854 978 regula
894 918 1016 974 est,
1065 909 1139 961 ad
1165 925 1343 980 quam
1376 909 1657 979 exigenda
1686 919 1821 962 sunt
1849 910 2048 963 officia
2076 927 2280 964 nostra
2307 915 2546 969 omnia:
2602 935 2702 968 re«

403 977 569 1042 ctuni
601 978 743 1029 inde
784 991 906 1031 esse
947 978 1192 1046 probat,
1249 978 1552 1048 quie'Deo
1591 989 1902 1046 acceptum
1945 990 2054 1033 est.
2127 982 2322 1034 Locus
2352 993 2564 1036 notatu
2594 1004 2698 1053 ap-

402 1049 598 1123 prime
624 1048 866 1117 dignus:
910 1046 1063 1100 unde
1086 1057 1144 1099 et
1168 1045 1471 1114 ‘generalis
1498 1047 1771 1100 doctrina
1803 1048 2067 1113 elicitur,
2104 1067 2306 1103 veram
2337 1053 2575 1105 demum
2601 1071 2696 1105 re-

401 1113 603 1189 gulam
647 1117 800 1169 bene
838 1117 1076 1185 riteque
1120 1116 1334 1184 agendi
1380 1127 1542 1184 esse,
1594 1119 1891 1185 respicere
1934 1119 2005 1169 ad
2045 1119 2161 1170 Dei
2200 1120 2527 1189 placitum,
2588 1141 2697 1176 neo

403 1187 565 1241 aliud
605 1185 910 1253 suscipere
949 1182 1062 1235 nisi
1101 1185 1261 1255 quod
1302 1184 1547 1254 probat:
1603 1196 1662 1236 et
1690 1188 1783 1237 lex
1811 1189 1989 1239 etiam
2018 1189 2117 1255 pie
2148 1188 2359 1239 orandi
2386 1192 2699 1259 statuitur,

399 1266 469 1312 ut
496 1262 887 1325 praeeuntem
913 1267 1225 1323 sequamur
1253 1255 1444 1307 Deum
1464 1291 1480 1320 ,
1514 1262 1700 1335 utque
1727 1272 1929 1308 omnes
1956 1265 2190 1309 nostrae
2220 1274 2426 1327 preces
2462 1260 2530 1310 ud
2568 1259 2698 1313 eiu·

400 1321 618 1378 nutu'm
649 1335 709 1374 et
741 1322 1173 1391 praescriptum
1202 1321 1325 1374 sint
1351 1331 1750 1392 compositae:
1790 1339 1940 1392 quae
1965 1325 2116 1378 ratio
2145 1326 2189 1377 si
2223 1327 2530 1395 valuisset,
2574 1345 2699 1381 non

400 1405 496 1447 tot
521 1389 706 1445 hodie
734 1390 1100 1456 corruptelis
1124 1391 1422 1444 scaterent
1449 1395 1661 1464 preces
1689 1391 1748 1443 in
1776 1393 2020 1461 Papatu.
2095 1394 2260 1446 Unde
2286 1400 2444 1449 enim
2473 1411 2697 1466 quaeso

400 1462 779 1537 probabunt,
823 1461 952 1514 Deo
982 1475 1043 1511 se
1066 1469 1311 1513 auctore
1339 1461 1413 1511 ad
1441 1469 1707 1514 mortuos
1740 1471 2021 1530 patronos
2050 1464 2421 1532 confugere?
2481 1465 2701 1518 deinde

450 1549 514 1584 ro
541 1529 796 1583 mortuis
822 1528 1238 1582 intercedere?
1319 1529 1597 1599 Denique
1627 1529 1771 1609 quid
1797 1529 1858 1582 in
1887 1540 2013 1583 tota
2045 1548 2149 1585 sua
2178 1533 2462 1602 precandi
2495 1534 2702 1586 forma

400 1550 534 1655 geo
560 1598 803 1670 placere
833 1597 1146 1650 ostendent
1165 1595 1191 1649 2
1264 1595 1546 1665 Sequitur
1576 1598 1788 1650 deinde
1818 1599 1988 1650 huius
2020 1600 2203 1652 etiam
2232 1602 2474 1654 secundi
2506 1621 2700 1655 mem·

400 1670 499 1723 bri
551 1666 964 1730 confirmatiog
1045 1663 1184 1734 quia
1234 1666 1384 1718 velit
1435 1667 1595 1718 Deus
1647 1684 1848 1718 omnes
1897 1666 2194 1731 homines⁴
2220 1671 2413 1722 salvos
2466 1671 2699 1725 facere.

402 1736 563 1811 Quid
599 1745 798 1788 autem
837 1735 1313 1805 magis·aequum
1353 1751 1530 1803 quam
1569 1745 1637 1788 ut
1674 1737 1821 1791 huic
1860 1738 1973 1791 Dei
2017 1740 2256 1792 decreto
2306 1750 2440 1792 vota
2480 1753 2702 1795 nostra

400 1804 815 1862 subserviant?
889 1806 1201 1856 Postremo
1231 1813 1430 1857 autem
1461 1805 1590 1856 Deo
1623 1805 1792 1856 cordi
1835 1822 1961 1857 esse
2004 1809 2266 1860 omnium
2301 1809 2553 1860 salutem
2593 1810 2700 1861 de-

401 1882 734 1941 monstrat,
783 1871 921 1943 quia
951 1888 1158 1926 omnes
1186 1871 1258 1923 ad
1285 1873 1551 1925 veritatis
1577 1890 1718 1926 suae
1745 1875 2102 1942 agnitionem
2129 1885 2322 1928 vocet.
2377 1894 2699 1945 argumen-

400 1956 529 2006 tum
568 1951 657 1996 est
693 1960 726 1995 a
765 1941 1117 2012 posteriori.
1201 1942 1357 1995 Nam
1382 1943 1435 1992 si
1466 1941 1579 1994 Dei
1607 1942 1879 2010 potentia
1915 1953 2000 1995 est
2033 1944 2416 2013 Evangelium
2442 1949 2502 1997 in
2531 1953 2697 1999 salu—

396 2023 523 2067 tem
556 2010 1023 2064 o'mnscredenti
1053 2011 1255 2076 (Rom.
1285 2013 1336 2076 1,
1365 2010 1509 2075 16.):
1550 2024 1777 2064 certum
1806 2021 1893 2064 est
1918 2014 2159 2066 invitari
2187 2031 2390 2067 omnes
2422 2016 2493 2065 ad
2521 2033 2696 2086 spem

401 2081 565 2133 vitae
593 2089 904 2143 aeternae,
946 2079 1157 2149 quibus
1186 2079 1583 2147 Evangelium
1609 2079 1882 2134 offertur.
1966 2083 2242 2153 Denique
2270 2084 2425 2137 sicut
2452 2085 2693 2136 vocatio

402 2150 832 2202 documentum
860 2160 950 2212 est
977 2165 1225 2208 arcanae
1257 2147 1591 2216 electionis,
1625 2146 1710 2200 ita
1736 2166 1881 2219 quos
1905 2150 2043 2202 facit
2068 2152 2226 2204 Deus
2258 2154 2564 2221 Evangelii
2597 2152 2696 2205 sui

400 2219 761 2299 participes,
812 2234 915 2268 eos
952 2216 1025 2268 ad
1061 2216 1270 2270 salutis
1309 2219 1738 2284 possessionem
1775 2218 2069 2271 admittit:
2123 2219 2261 2289 quia
2291 2221 2695 2290 Evangelium

305 2337 309 2344 ,
400 2287 701 2346 iustitiam
716 2285 832 2337 Dei
863 2285 1032 2337 nobis
1064 2284 1312 2348 revelat,
1340 2302 1492 2354 quae
1519 2295 1717 2337 certus
1752 2297 1838 2339 est
1866 2286 2137 2339 invitam
2163 2290 2477 2359 ingressus.
2530 2292 2693 2344 Hinc

403 2364 688 2426 apparet,
741 2371 915 2424 quam
945 2352 1266 2423 pueriliter
1291 2354 1773 2419 hallucinentur‚
1812 2355 1910 2424 qui
1942 2355 2142 2409 locum
2169 2357 2329 2411 hunc
2358 2360 2693 2429 praedesti-

401 2424 632 2478 nationi
661 2433 993 2495 opponunt.
1078 2423 1135 2477 Si
1167 2423 1363 2490 Deus,
1399 2423 1708 2493 inquiunt,
1745 2441 1944 2479 omnes
1972 2425 2388 2481 indifferenter
2420 2428 2547 2482 vult
2575 2428 2693 2483 sal-

401 2511 507 2547 vos
537 2492 669 2564 fieri
689 2531 705 2561 ,
753 2493 967 2547 falsum
999 2500 1085 2544 est
1114 2491 1261 2544 alios
1294 2493 1366 2545 ad
1393 2494 1678 2559 salutem,
1728 2492 1880 2546 a'lios
1910 2494 1978 2544 ad
2010 2496 2258 2548 exitium
2288 2508 2527 2550 aeterno
2560 2500 2697 2550 eius

400 2561 655 2616 consilio
696 2579 827 2616 esse
866 2561 1358 2630 praedestinatos.
1442 2561 1681 2630 Aliquid
1720 2563 1879 2615 forte
1920 2563 2221 2630 dicerent,
2276 2569 2324 2616 si
2355 2568 2565 2620 Paulus
2593 2567 2695 2619 hic

402 2633 477 2685 de
516 2631 763 2697 singulis
798 2629 1144 2687 hominibus
1185 2639 1418 2699 agerett
1447 2647 1802 2699 -quanquam
1842 2642 1983 2682 tunc
2025 2650 2259 2701 quoque
2299 2652 2419 2688 non
2459 2637 2696 2693 deesset

401 2699 647 2755 solutio.
724 2701 876 2752 Nam
898 2698 1016 2751 ‘etsi
1042 2697 1157 2750 Dei
1185 2699 1457 2750 voluntas
1489 2714 1607 2749 non
1639 2717 1709 2750 ex
1739 2701 1986 2751 occultis
2023 2702 2211 2768 ipsius
2245 2704 2480 2755 iudiciis
2514 2705 2693 2757 aesti-

400 2769 618 2823 manda
647 2778 767 2835 est,
808 2766 909 2820 ubi
940 2766 1200 2819 externis
1229 2767 1413 2836 signis
1442 2776 1571 2820 eam
1597 2769 1759 2821 nobis
1829 2769 2113 2820 atefacit:
2170 2787 2289 2821 non
2319 2783 2518 2824 tamen
2549 2790 2696 2841 pro-

402 2849 612 2908 pterea
657 2836 959 2908 sequitur,
1013 2838 1159 2905 quin
1188 2836 1578 2887 constitutum
1608 2835 1770 2887 intus
1849 2838 2018 2888 abeat
2045 2837 2180 2908 quid
2210 2840 2278 2891 de
2307 2841 2556 2909 singulis
2584 2843 2698 2897 ho·

400 2907 667 2962 minibus
711 2906 844 2957 fieri
883 2903 1051 2958 velit.
1136 2904 1449 2959 Caeterum
1489 2903 1584 2969 id,
1638 2905 1771 2973 quia
1800 2904 1952 2957 nihil
1980 2908 2051 2957 ad
2087 2908 2695 2973 praesentem‘locum

399 2976 573 3043 fucit,
613 2985 945 3044 praetereo.
984 2990 1119 3025 nam
1154 2974 1468 3041 Apostolus
1501 2974 1857 3042 simpliciter
1885 2974 2184 3044 intelligit,
2220 2979 2453 3031 nullum
2485 2968 2694 3031 mundi

401 3045 500 3098 vel
537 3044 861 3113 populum,
912 3042 1007 3093 vel
1042 3043 1307 3096 ordinem
1347 3061 1380 3094 a
1421 3040 1619 3093 salute
1656 3043 1920 3096 excludi:
1970 3045 2109 3113 quia
2136 3047 2407 3105 omnibus
2437 3047 2565 3099 sine
2596 3065 2696 3100 ex-

403 3113 684 3182 ceptione
713 3110 1102 3182 Evangelium
1130 3111 1380 3178 proponi
1412 3112 1572 3164 Deus
1601 3112 1765 3164 velit.
1836 3108 1941 3163 Est
1967 3122 2166 3164 autern
2185 3114 2492 3185 Evangelii
2519 3133 2696 3186 prae-

321 3227 324 3230 .
402 3183 621 3237 dicatio
666 3182 920 3237 vivifica.
972 3180 1187 3231 merito
1227 3180 1433 3249 itaque
1470 3180 1739 3249 colligit,
1779 3181 1971 3232 Deum
1997 3198 2201 3235 omnes
2227 3197 2450 3250 pariter
2478 3184 2694 3237 salutis

401 3249 873 3323 participatione
900 3248 1158 3317 dignari.
1210 3253 1281 3300 At
1312 3250 1382 3302 de
1413 3248 1725 3300 hominum
1754 3250 2087 3317 generibus,
2120 3267 2239 3302 non
2269 3253 2524 3321 singulis
2556 3271 2694 3322 per—

405 3319 605 3385 sonis,
655 3334 848 3372 sermo
893 3327 1001 3369 est.
1050 3315 1204 3368 nihil
1234 3318 1392 3369 enim
1422 3316 1584 3369 aliud
1608 3317 1898 3385 intendit,
1952 3335 2129 3388 quam
2158 3320 2460 3389 principEs
2496 3331 2556 3372 et
2594 3338 2695 3373 ex·

402 3397 644 3440 traneos
668 3388 921 3455 populos
945 3386 1010 3436 in
1037 3386 1155 3437 hoc
1183 3402 1431 3436 numero
1460 3385 1791 3438 includere.
1864 3387 2037 3457 Quod
2077 3397 2278 3439 autem
2318 3390 2413 3442 his
2452 3407 2697 3460 quoque

404 3454 719 3526 Evangelii
754 3454 1093 3509 doctrinam
1132 3470 1512 3507 communem
1551 3472 1676 3505 esse
1716 3456 1869 3515 velit
1903 3458 2097 3523 Deus,
2146 3468 2379 3509 constat
2417 3477 2488 3512 ex
2529 3461 2698 3512 testi-

405 3524 627 3579 moniis
666 3523 786 3576 iam
827 3523 1056 3589 citatis,
1106 3531 1168 3574 et
1201 3522 1519 3575 similibus.
1589 3524 1796 3592 Neque
1827 3525 1984 3575 enim
2014 3526 2084 3576 de
2116 3527 2316 3577 nihilo
2348 3527 2573 3582 dictum
2606 3536 2698 3581 est

406 3593 590 3661 (Psal.
616 3595 672 3659 2,
698 3596 837 3657 10.)=
886 3593 1059 3645 Nunc
1099 3592 1292 3659 Reges
1327 3590 1669 3661 intelligite.
1755 3595 1907 3644 Item
1953 3596 2158 3646 eodem
2198 3596 2464 3651 Psalmo:
2516 3598 2696 3650 Dabo

409 3663 633 3715 Gentes
661 3664 771 3716 tibi
797 3664 862 3715 in
888 3660 1285 3713 hereditatem
1304 3696 1320 3725 ,
1368 3660 1513 3715 etin
1545 3662 1978 3731 possessionem
2004 3666 2291 3716 terminos
2318 3677 2532 3719 terrae.
2625 3669 2697 3718 In

346 3770 351 3773 ,
405 3744 669 3798 cumina,
725 3730 991 3785 indicare
1034 3729 1246 3782 Paulus
1284 3728 1507 3795 voluit,
1575 3746 1693 3781 non
1738 3747 1867 3782 esse
1908 3733 2431 3802 considerandum,
2491 3735 2697 3806 quales

406 3809 557 3853 tunc
593 3809 787 3854 essent
826 3798 1160 3881 principes,
1209 3797 1309 3850 sed
1340 3798 1537 3868 quales
1566 3816 1695 3849 esse
1723 3801 1882 3850 Deus
1911 3801 2109 3871 vellet.
2196 3803 2304 3853 Est
2331 3814 2531 3856 autem
2561 3805 2699 3857 offi-

411 3869 571 3923 cium
613 3871 912 3936 caritatis,
963 3884 1345 3939 quoscunque
1389 3867 1697 3919 vocatione
1733 3884 1835 3920 sua
1878 3870 2298 3936 complectitur
2334 3873 2532 3939 Deus,
2595 3890 2700 3925 eo-

405 3938 786 3991 rum‘salutis
826 3955 1030 3992 curam
1074 3936 1455 4005 studiumque
1495 3936 1842 4004 suscipere,
1894 3938 2070 4006 idque
2110 3938 2224 4006 piis
2269 3943 2419 3992 votis
2464 3941 2700 3995 testari.

407 4009 600 4076 Atque
642 4007 760 4059 huc
797 4006 1087 4076 pertinet,
1143 4004 1303 4085 quod
1328 4005 1512 4055 Deum
1554 4015 1731 4056 vocat
1767 4021 2024 4056 nostrum
2056 4007 2462 4063 Salvator-em(
2524 4012 2702 4063 Unde

407 4077 569 4138 enim
609 4076 778 4128 nobis
815 4077 1005 4139 salus,
1059 4075 1170 4124 nisi
1209 4090 1280 4126 ex
1320 4075 1583 4141 gratuita
1627 4071 2224 4139 Dei‘beneficentia?
2306 4079 2488 4147 Atqui
2530 4081 2703 4130 Deus

406 4145 753 4214 idem,⁴qui
791 4142 911 4197 iam
951 4158 1059 4195 nos
1103 4143 1305 4194 salutis
1341 4142 1491 4193 fecit
1534 4154 1876 4211 compotes,
1926 4144 1996 4193 ad
2037 4150 2135 4195 e'os
2177 4161 2415 4214 quoque
2442 4148 2702 4217 gratiam

361 4266 365 4269 ,
407 4229 572 4266 suam
612 4212 931 4265 extendere
970 4210 1284 4279 aliquando
1326 4211 1567 4278 poterit.
1639 4211 1757 4280 Qui
1791 4211 1910 4282 iam
1939 4229 2049 4263 nos
2081 4214 2150 4263 ad
2180 4230 2241 4264 se
2267 4215 2482 4283 traxit,
2523 4227 2702 4284 pote·-
2755 4252 2758 4257 »

401 4282 487 4335 rit
526 4282 663 4334 illos
703 4281 1002 4332 nobiscum
1045 4280 1355 4331 adducere.
1437 4283 1755 4333 Facturum
1788 4289 1984 4332 autem
2016 4297 2121 4348 pro
2161 4282 2438 4335 confesso
2475 4284 2700 4337 sumit:

446 4350 545 4402 uia
564 4351 996 4417 Prophetarum
1023 4345 1329 4399 vaticiniis
1353 4348 1442 4399 ita'
1461 4348 1838 4419 praedictum
1872 4360 1998 4402 erat
2026 4350 2097 4402 de
2126 4350 2415 4404 universis
2438 4363 2565 4406 tam
2596 4364 2704 4409 οι·-

401 4368 644 4475 affinibus
668 4435 842 4490 quam
857 4416 1235 4472 nationibus.
1421 4424 1430 4445 ’-
