2820 4895
638 198 650 233 Ι

362 254 489 315 338

365 421 745 512 Ecclesia,
810 443 1024 514 quam
1068 443 1164 490 ex
1202 420 1597 515 tyrannide
1628 420 1950 519 Papatus
1983 419 2275 492 Christo
2314 424 2669 492 vindica—

261 581 278 602 ,
371 528 500 612 sti,
552 525 644 591 ad
673 548 751 593 se
782 525 1205 608 revocavit3
1259 523 1602 595 viretum
1633 523 2124 595 Lausanensis
2150 523 2488 594 Ecclesia
2521 550 2671 594 eo-

282 658 287 665 ·
372 629 541 695 dem
589 630 750 695 iure
799 626 937 694 sibi
985 626 1412 696 obstrictum
1459 638 1682 697 tenet.
1803 626 2193 697 Caeterum
2242 626 2671 721 itagsinguli

373 740 996 811 tuemur,nostras
1049 722 1435 812 stationes,
1506 741 1589 797 ut
1639 741 1886 799 nostra
1932 730 2208 798 unitate
2255 731 2333 796 in
2382 729 2669 801 Christi

372 830 568 901 ovile
616 821 1099 923 aggregentur
1141 820 1274 896 filii
1299 829 1495 918 Dei,
1559 831 1710 900 imo
1757 834 1836 897 in
1879 831 2038 896 eius
2086 849 2354 922 corpus
2405 818 2671 929 ‘coale-

372 943 615 1016 scant3
696 934 1242 1023 disrumpantur
1297 954 1480 1001 vero
1529 930 1780 1001 hostes
1831 946 1977 999 non
2033 935 2361 1002 extranei
2410 934 2668 1020 modu,

374 1038 499 1126 qui
532 1033 806 1103 bellum
829 1057 936 1101 ex
967 1031 1304 1125 professo
1337 1032 1717 1102 nobiscum
1753 1045 2017 1125 gerunt
2037 1083 2058 1121 ‚
2110 1034 2237 1103 sed
2267 1037 2666 1127 propiores

333 1138 494 1206 'isti
527 1157 610 1206 ac
646 1137 1072 1222 domestici,
1125 1132 1250 1226 qui
1281 1157 1416 1204 nos
1447 1136 1642 1203 intus
1675 1145 2047 1204 exercent:
2163 1136 2351 1204 Nam
2402 1150 2476 1205 et
2515 1137 2667 1205 hoc

372 1240 565 1308 inter
612 1238 1145 1308 coniunctionis
1191 1250 1486 1308 nostrae
1527 1237 1722 1304 bona
1763 1258 2107 1323 numero,
2152 1238 2404 1330 quod
2382 1242 2665 1330 impuri

374 1363 628 1428 canes‘,
699 1362 1011 1431 quorum
1042 1361 1326 1406 morsus
1361 1338 1456 1405 ad
1489 1360 1648 1405 eam
1680 1338 2151 1407 scindendam
2194 1365 2277 1409 ac
2318 1339 2664 1413 laceran-

375 1443 540 1510 dam
591 1454 978 1535 penetrare
1024 1452 1437 1530 nequeunt,
1503 1439 1768 1512 latratu
1803 1465 1964 1509 eam
2003 1464 2134 1509 suo
2163 1440 2437 1512 frustra
2470 1468 2665 1531 exa-

377 1549 626 1645 gitant.
745 1546 934 1613 Sane
966 1566 1219 1610 eorum
1250 1544 1698 1632 proterviam
1733 1566 1996 1635 susque
2029 1543 2262 1635 deque
2292 1542 2493 1613 ferre
2520 1569 2660 1614 nos

378 1648 628 1733 decet,
695 1645 984 1735 quando
1018 1667 1193 1712 vere
1232 1648 1481 1712 coram
1515 1645 1681 1714 Deo
1713 1644 2012 1737 gloriari
2049 1645 2260 1734 licet,
2330 1662 2404 1717 et
2439 1647 2665 1714 lucu·—

377 1749 590 1817 lentis
625 1747 817 1840 apud
849 1742 1182 1814 homines
1215 1746 1669 1855 documentis
1697 1747 2214 1838 probavimus,
2259 1772 2406 1817 non
2442 1748 2660 1851 aliam

378 1873 509 1918 nos
542 1853 959 1918 societatem
996 1847 1115 1919 vel
1152 1836 1546 1917 amicitiam
1588 1849 1868 1936 colere,
1933 1865 2148 1939 quam
2182 1874 2366 1942 quae
2402 1838 2658 1941 auspi—

381 1954 513 2021 ciis
546 1948 825 2019 Christi
856 1962 1274 2031 consecrata
1313 1952 1470 2020 eius
1504 1950 1878 2021 Ecclesiae
1914 1949 2266 2023 hactenus
2316 1950 2465 2024 fuit
2504 1956 2659 2024 uti-

379 2056 510 2138 lis,
570 2075 804 2144 neque
853 2052 996 2121 alio
1049 2066 1366 2145 spectat,
1434 2056 1572 2120 nisi
1619 2067 1699 2123 ut
1739 2076 1989 2127 omnes
2014 2055 2393 2123 nobiscum
2430 2078 2654 2125 unum

383 2161 527 2226 sint
558 2160 631 2224 in
664 2158 847 2246 ipso.
931 2154 1194 2223 Valete
1229 2156 1486 2246 optimi
1508 2166 1598 2223 et
1625 2157 2079 2246 integerrimi
2117 2154 2407 2226 fratres.
2487 2158 2653 2226 Do-

382 2263 623 2326 minus
682 2259 884 2326 Iesus
942 2260 1083 2350 piis
1148 2261 1405 2337 vestris
1458 2255 1826 2324 laboribus
1884 2250 2321 2327 benedicere
2373 2254 2650 2354 pergat.

385 2361 772 2447 Gcn'evae,
824 2359 952 2427 111.
991 2358 1292 2429 Calend.
1327 2359 1717 2429 Decembr.
1756 2358 1861 2428 M.
1900 2360 1993 2429 D.
2024 2360 2305 2430 XLIX.
