2820 4895
248 153 252 160 ’
333 184 459 247 264
614 233 643 284 ,
876 182 985 246 m
1061 177 1667 256 Et’isTOLAss
1738 179 2066 248 mum

342 348 490 404 Tala
515 360 605 405 est
623 351 920 422 ingenium
949 350 1180 404 mundi:
1217 363 1445 420 semper
1473 349 1694 404 carnali
1720 366 1883 402 more
1905 350 2093 403 Deum
2110 387 2126 417 ,
2163 349 2331 421 quasi
2357 350 2606 405 carnalis

344 430 536 488 esset,
586 424 698 476 sibi
737 415 1042 475 colendnni
1085 425 1359 474 somniat.-
1435 423 1723 474 Paulatim
1755 424 1928 474 rebus
1963 421 2024 472 in
2054 423 2306 473 deterius
2334 422 2619 490 collapsis,

345 493 602 545 obtinuit
637 494 781 546 haec
807 495 1104 562 tyrannis,
1157 507 1233 543 ue
1259 492 1658 545 sacerdotibus
1684 501 1785 544 aut
1810 491 2103 544 monachis
2132 490 2218 542 fas
2243 501 2392 544 esset
2418 495 2620 545 matri·
2673 530 2684 546 ,

344 559 620 629 monium,
650 563 1025 618 contrahere:
1070 580 1143 613 ne
1169 562 1460 631 quispiam
1487 578 1724 615 carnem
1752 572 1986 632 gustare
2017 562 2190 612 certis
2222 561 2422 615 diebus
2450 564 2624 614 aude-

345 640 457 687 ret.
528 634 725 703 Quare
767 652 882 685 non
922 632 1216 685 immerito
1245 633 1493 702 Papistis
1523 633 1697 685 hodie
1727 633 2031 685 obiicimus
2059 632 2212 683 hanc
2243 633 2627 702 prophetiam,

344 702 581 773 quando
609 704 956 756 caelibatum
983 712 1040 755 et
1065 704 1329 756 ciborum
1358 704 1768 755 abstinentiam
1805 704 2055 755 severius
2088 713 2295 770 urgent
2335 721 2509 772 quam
2538 704 2627 754 ul-

347 774 469 826 lum
496 775 606 828 Dei
632 785 1026 845 praeceptum.
1093 775 1221 842 Ipsi.
1246 782 1441 826 autem
1470 774 1768 843 ingenioso
1796 773 2002 825 cavillo
2028 773 2282 842 effugere
2312 790 2370 825 se
2396 782 2626 842 putant,

348 851 530 914 quum
560 846 727 898 Pauli
767 848 937 900 verba
974 853 1253 914 torquent
1290 844 1567 897 adversus
1601 845 1919 910 Tacianos‚
1967 853 2064 896 aut
2093 842 2508 911 Manichaeos,
2559 861 2632 894 ac

346 914 584 984 similes.
635 919 800 985 quasi
835 931 968 967 vero
996 931 1116 966 non
1143 914 1303 970 idem
1331 917 1611 983 patuisset
1639 913 1914 967 Tacianis
1943 912 2255 980 effugium,
2308 914 2631 966 reiiciendo

344 985 524 1038 etiam
554 986 721 1039 Pauli
748 986 1097 1039 sententiam
1131 985 1205 1036 ad
1235 985 1671 1054 Cathaphryges
1706 995 1766 1035 et
1799 993 2098 1040 auctorem
2134 984 2367 1035 illorum
2393 987 2633 1048 Monta-

347 1071 509 1110 num.
557 1051 719 1126 quasi
746 1075 861 1110 non
891 1064 1225 1126 promptum
1250 1056 1460 1109 fuisset
1484 1054 1987 1123 Cathaphrygibus
2005 1090 2021 1118 ,
2059 1055 2393 1106 Encratitas
2419 1071 2633 1126 suppo-

343 1142 523 1190 nere,
561 1128 736 1179 veluti
767 1145 928 1194 reos,
966 1142 1070 1178 suo
1094 1126 1245 1180 loco.
1310 1129 1390 1180 At
1421 1128 1633 1177 Paulus
1660 1144 1777 1176 non
1811 1128 1883 1176 de
1913 1125 2173 1193 personis
2200 1124 2301 1175 hic
2329 1127 2477 1192 agit,
2531 1115 2655 1181 sed'

349 1195 420 1249 dc
461 1212 527 1247 re
558 1195 702 1266 ipsa.
776 1199 1175 1266 Quamobrem
1204 1196 1435 1248 etiamsi
1466 1206 1701 1250 centum
1723 1194 1992 1247 diversae
2018 1203 2212 1245 sectae
2235 1195 2634 1263 proferantur,

351 1282 500 1336 quae
544 1275 745 1319 tamen
791 1268 991 1319 eadem
1030 1267 1299 1328 laborant
1337 1266 1633 1335 hypocrisi
1669 1269 1738 1320 in
1774 1266 1920 1317 cibis
1960 1265 2368 1332 prohibendis,
2433 1281 2639 1317 omnes

347 1335 592 1390 eundem
628 1338 993 1391 sustinebunt
1026 1346 1269 1389 reatum.
1338 1338 1505 1392 Unde
1540 1338 1837 1406 sequitur,
1888 1334 2048 1387 nullo
2088 1337 2355 1404 profectu
2394 1334 2638 1388 obtendi

346 1424 384 1459 a
409 1408 654 1475 Papistis
684 1417 905 1461 veteres
935 1408 1294 1473 haereticos,
1347 1409 1512 1475 quasi
1550 1408 1653 1464 soli
1685 1407 1777 1458 illi
1812 1414 2102 1461 taxentur.
2164 1421 2395 1474 semper
2432 1406 2636 1459 viden·

346 1476 489 1528 dum
529 1487 646 1543 est,
690 1495 776 1541 *an
815 1479 928 1529 sint
966 1479 1029 1528 in
1072 1478 1274 1528 eadem
1314 1493 1483 1532 noxa.
1553 1477 1868 1545 Excipiunt
1904 1493 1966 1527 se
1995 1477 2316 1532 Encratitis
2348 1484 2404 1526 et
2435 1476 2639 1529 Mani-

349 1546 545 1614 chaeis
575 1566 698 1599 esse
727 1549 1034 1601 dissimiles
1052 1585 1069 1614 ,
1123 1548 1261 1616 quia
1285 1557 1402 1598 non
1423 1548 1777 1616 ⁸simpliciter
1801 1563 1968 1598 usum
1995 1548 2250 1616 coniugii
2278 1549 2337 1598 et
2364 1547 2639 1602 carnium

346 1617 742 1686 interdicunt,
791 1621 892 1671 sed
924 1619 1097 1669 certis
1124 1627 1352 1670 tantum
1380 1619 1582 1670 diebus
1613 1627 1825 1687 cogunt
1855 1618 1931 1669 ad
1966 1618 2156 1668 carnis
2190 1618 2636 1686 abstinentiam,

348 1687 502 1740 solos
530 1699 724 1741 autem
757 1688 1073 1750 monachos
1105 1696 1163 1740 et
1189 1689 1520 1740 sacerdotes
1548 1704 1678 1739 cum
1708 1687 2056 1740 monialibus
2095 1687 2169 1738 ad
2214 1696 2416 1738 votum
2455 1688 2639 1739 caeli·

348 1758 519 1811 batus
552 1769 791 1827 cogunt,
865 1763 1074 1814 Verum
1100 1758 1248 1820 haec
1278 1776 1510 1828 quoque
1539 1758 1707 1809 nimis
1741 1757 1948 1810 frivola
1978 1766 2064 1808 est
2097 1758 2411 1810 excusatiO.
2481 1759 2645 1809 Nam

346 1828 790 1881 sanctimoniam
822 1830 1195 1881 nibilominus
1218 1830 1281 1879 in
1304 1828 1395 1881 his
1427 1829 1595 1880 rebus
1627 1829 1855 1890 locant3
1908 1828 2116 1879 deinde
2142 1828 2360 1880 falsum
2382 1834 2443 1879 et
2471 1824 2646 1878 adul-

345 1898 598 1966 lerinum
624 1901 735 1952 Dei
764 1900 982 1952 cultum
1010 1901 1345 1952 instituunt:
1385 1909 1675 1968 postremo
1708 1899 2091 1952 conscientias
2120 1900 2365 1967 alligant
2386 1898 2646 1966 necessi-

345 1968 496 2035 tati,
535 1986 568 2022 a
599 1986 712 2039 qua
739 1971 1175 2022 debebant-esse
1198 1967 1445 2024 liberae.
1517 1961 1695 2021 Extat
1722 1970 1874 2037 apud
1901 1968 2216 2029 Eusebium
2246 1969 2395 2020 libro
2425 1969 2643 2038 quinto

348 2037 749 2106 fragmentum
789 2043 1078 2111 quoddam
1116 2057 1186 2096 ex
1219 2040 1802 2109 scriptisApollonii,
1853 2039 1954 2092 ubi
1992 2039 2149 2091 inter
2194 2048 2430 2093 caetera
2461 2040 2645 2090 Mon·
2673 2061 2704 2106 gy

349 2117 492 2159 tano
535 2111 848 2179 exprobat.
899 2112 1152 2181 primum
1190 2112 1402 2179 fuisse,
1452 2114 1554 2180 qui
1593 2111 1825 2179 nuptias
1868 2109 2140 2176 solverit,
2190 2118 2250 2162 et
2277 2109 2644 2162 ieiuniorum
2697 2151 2700 2152 γ

347 2178 504 2247 leges
533 2180 894 2248 imposuerit.
967 2184 1101 2236 Non
1131 2181 1304 2247 dicit,
1352 2182 1416 2233 in
1442 2180 1774 2234 universum
1803 2179 2168 2248 prohibuisse
2194 2181 2647 2233 matrimonium

347 2257 453 2300 aut
480 2248 656 2303 cibos.
731 2251 885 2304 Satis
914 2265 999 2316 est
1034 2252 1211 2320 siquis
1249 2251 1595 2319 religionem
1628 2251 1997 2303 conscientiis
2025 2249 2288 2317 iniiciat,
2341 2259 2399 2301 et
2434 2267 2645 2303 earum

348 2335 540 2372 rerum
587 2322 980 2375 observatione
1023 2325 1210 2376 Deum
1255 2322 1445 2373 colere
1486 2320 1821 2389 praecipiat.
1896 2322 2049 2380 Nam
2089 2338 2283 2378 rerum
2317 2320 2648 2374 liberarum

390 2389 671 2445 rohibitio
690 2428 706 2457 ‚
743 2394 856 2444 sive
883 2392 1172 2461 generalis
1201 2392 1277 2444 sit
1300 2392 1421 2442 sive
1446 2390 1744 2461 specialis,
1782 2406 2009 2460 semper
2030 2403 2117 2443 est
2148 2391 2408 2460 tyrannis
2435 2390 2650 2443 diabo-

347 2407 488 2517 fica.
561 2462 788 2527 Clarius
814 2472 1043 2530 tamen,
1083 2464 1145 2516 id
1170 2463 1240 2515 de
1268 2462 1409 2515 cibis
1435 2476 1634 2514 verum
1663 2478 1819 2528 esse,
1858 2477 1930 2513 ex
1955 2463 2226 2530 proximo.
2249 2462 2511 2514 membro
2529 2479 2650 2528 pa-

348 2531 515 2584 tebit.
657 2530 818 2600 Quos
850 2535 999 2593 Deus
1033 2535 1270 2597 creavit.
1343 2531 1616 2583 Not-anda
1642 2532 1829 2598 ratio,
1871 2531 2081 2583 debere
2108 2549 2213 2584 nos
2240 2534 2302 2583 in
2329 2547 2440 2582 usu
2471 2531 2648 2582 cibo·-

349 2618 482 2658 rum
525 2602 802 2657 concessa
845 2620 876 2652 a
917 2604 1041 2655 Deo
1077 2603 1349 2669 libertate
1392 2618 1518 2654 esse
1555 2611 1894 2667 contentos,
1942 2603 2079 2671 quia
2119 2618 2215 2653 eos
2257 2602 2542 2653 creaverit
2583 2600 2650 2651 in

348 2671 508 2725 hunc
558 2662 777 2723 fihem..
841 2674 968 2723 Hoc
1012 2673 1123 2741 piis
1177 2672 1449 2724 omnibus
1492 2671 1922 2735 inaestimabile
1958 2671 2233 2741 gaudium
2279 2681 2401 2739 est,
2463 2687 2651 2741 quum

349 2744 544 2795 sciunt
572 2741 848 2795 alimenta
875 2744 1070 2809 omnia
1089 2781 1105 2809 ,
1153 2732 1363 2813 quibus
1390 2751 1728 2811 vescuntur,
1777 2742 1888 2793 sibi
1914 2741 1983 2794 de
2015 2758 2192 2796 manu
2216 2743 2287 2803 in„
2315 2759 2563 2803 manum
2592 2750 2653 2807 ta:

348 2813 604 2865 Domino
631 2813 884 2881 porrigi:
922 2821 987 2865 ut
1016 2828 1191 2882 purus
1217 2813 1292 2866 sit
1319 2829 1390 2864 ac
1416 2811 1709 2882 legitimus
1732 2812 1969 2864 illorum
1998 2802 2153 2865 usu‘s.
2229 2813 2465 2880 Quanta
2498 2827 2642 2864 vero

350 2881 651 2947 hominum
698 2884 1032 2950 arrogantia
1067 2892 1185 2950 est,
1238 2884 1465 2952 eripere
1506 2883 1661 2952 quod
1687 2883 1846 2943 Deus
1878 2882 2165 2952 largitur?
2213 2898 2288 2934 an
2330 2884 2493 2939 cibos
2519 2874 2649 2951 ’ipsi

353 2951 669 3004 crearunt?
720 2970 792 3003 an
821 2956 930 3006 Dei
958 2952 1314 3006 creationem
1343 2961 1585 3024 possunt
1608 2952 1841 3005 irritam
1870 2952 2107 3004 facere?
2180 2952 2421 3022 Semper
2446 2955 2652 3023 itaque

322 3042 326 3045 ·
352 3023 520 3074 nobis
546 3023 603 3074 in
630 3032 883 3077 mentem
909 3025 1136 3091 veniat,
1177 3042 1341 3091 eum,
1381 3024 1480 3093 qni
1513 3023 1774 3089 creavit,
1805 3022 2061 3075 liberum
2093 3036 2321 3091 quoque
2350 3040 2517 3074 usum
2550 3021 2655 3072 fe·-

357 3094 537 3167 cisse,
588 3109 757 3162 quem
799 3094 1015 3146 frustra
1057 3090 1340 3164 impedire
1375 3103 1665 3147 conantur
1703 3091 1985 3145 homines.
2070 3092 2333 3156 Creavit,
2383 3094 2655 3160 inquam,

354 3162 516 3217 cibos
549 3162 706 3214 Deus
749 3166 819 3213 ad
858 3166 1318 3233 percipiendum,
1365 3165 1481 3214 hoc
1520 3173 1609 3215 est
1646 3171 1711 3217 ut
1751 3162 1870 3215 illis
1907 3165 2194 3216 fruamur.
2264 3165 2433 3218 Hune
2472 3163 2660 3213 finem

350 3241 619 3284 evertere
658 3249 953 3302 nunquam
992 3234 1201 3301 poterit
1234 3233 1488 3287 humana
1520 3232 1859 3295 auctoritas.
1927 3233 2099 3285 Addit
2126 3241 2322 3285 autem
2354 3252 2479 3283 cum
2507 3249 2659 3296 gra-

354 3304 576 3356 siarum
620 3303 883 3352 actione.-
929 3304 1064 3370 quia
1105 3303 1255 3354 nihil
1286 3307 1410 3357 Deo
1439 3302 1545 3373 pro
1574 3322 1679 3356 sua
1702 3302 2057 3369 liberalitate
2085 3304 2406 3371 rependere
2435 3303 2659 3371 possu-
2707 3304 2718 3315 “

349 3379 517 3439 mus,
567 3386 742 3441 quam
787 3372 1155 3438 gratitudinis
1197 3374 1611 3428 testimonium.
1681 3376 1868 3442 Atque
1905 3374 1992 3427 ita
2020 3373 2247 3424 maiore
2280 3373 2415 3424 odio
2448 3377 2660 3438 gravat

276 3462 281 3471 ‘
351 3442 568 3509 impios
602 3438 1025 3513 legislatores,
1056 3443 1155 3512 qui
1193 3438 1551 3496 sacrificium
1590 3442 1809 3509 laudis,
1859 3443 2012 3512 quod
2035 3445 2198 3495 Deus
2223 3444 2285 3495 in
2313 3443 2676 3510 primispoq

354 3511 537 3564 stnlat
577 3510 688 3562 sibi
728 3509 962 3577 offerri,
1024 3512 1188 3579 novis
1229 3523 1287 3577 et
1325 3514 1618 3567 abortivis
1644 3506 1848 3565 edictis
1884 3513 2229 3582 impediunt.
2313 3513 2493 3563 Porro
2531 3525 2661 3559 non

352 3590 551 3651 potest
597 3596 718 3632 esse
764 3579 1080 3648 gratiarum
1133 3583 1289 3634 actio
1339 3587 1466 3637 sine
1511 3583 1827 3636 sobrietate
1863 3593 1936 3637 et
1974 3582 2400 3651 temperantia;
2462 3595 2665 3646 neque

357 3653 516 3702 enim
559 3651 671 3703 Dei
723 3646 1199 3707 beneficentiam.
1226 3671 1371 3707 vere
1407 3644 1699 3724 agnoscit,
1767 3655 1862 3722 qui
1903 3670 1981 3706 ea
2007 3667 2331 3719 ‚perperam
2375 3648 2665 3703 abu-titur.

353 3721 656 3775 Fidelibus
684 3733 737 3771 et
765 3721 855 3780 iis,
873 3722 974 3790 qui
1007 3739 1413 3790 cognoverunt.
1493 3723 1648 3793 Quid
1675 3722 1855 3790 ergo?
1891 3734 2086 3775 annon
2112 3724 2290 3774 solem
2317 3738 2484 3773 suum
2512 3735 2668 3788 quo-

353 3788 502 3840 tidie
546 3787 689 3840 oriri
729 3787 873 3841 facit
907 3792 1062 3845 Deus
1106 3809 1276 3862 super
1313 3795 1601 3851 bonoset
1637 3792 1861 3844 malos?
1913 3792 2154 3859 (Matth.
2197 3793 2250 3858 5,
2285 3793 2402 3857 45.)
2458 3805 2667 3843 annon

354 3859 477 3912 eius
532 3860 687 3911 iussu
737 3856 897 3910 terra
952 3862 1143 3929 impiis
1201 3880 1413 3931 panem
1468 3861 1779 3932 producit?
1844 3879 2040 3914 annon
2079 3863 2223 3923 eius⁸
2245 3857 2667 3913 benedictione

306 3958 309 3959 ν
356 3929 539 3979 etiam
571 3929 802 3996 pessimi
835 3928 1113 3989 aluntur?
1183 3933 1286 3984 Est
1319 3934 1476 3985 enim
1519 3931 1840 3983 universale
1877 3933 2024 3984 illud
2061 3931 2447 3998 beneficium,
2503 3929 2670 3998 quod

353 3997 547 4051 David
579 3996 726 4062 Psal.
757 3999 876 4063 104,
911 4003 990 4056 14.
1020 4001 1312 4056 decantat.
1369 4001 1765 4069 .Respondeo,
1806 4003 2051 4062 Paulum
2090 4003 2160 4052 de
2201 4017 2307 4053 usu
2348 4001 2511 4052 licito
2559 3998 2668 4065 hio

355 4083 571 4136 agere,
611 4068 772 4119 cuius
799 4070 950 4129 ratio
979 4086 1178 4122 coram
1206 4075 1334 4125 Deo
1367 4071 1533 4134 nobis
1562 4080 1804 4127 constat.
1863 4073 2059 4124 ‚Huius
2085 4072 2325 4123 minime
2360 4077 2706 4134 compotens

355 4146 495 4190 sunt
523 4137 720 4204 impii,
773 4150 1003 4206 propter
1032 4141 1328 4208 impuram
1346 4140 1809 4209 conscientiam,
1856 4160 2005 4210 quae
2039 4142 2233 4194 omnia
2263 4139 2634 4191 contaminat
2648 4157 2673 4192 2·

357 4206 847 4276 quemadmodum
876 4209 1125 4261 habetur
1159 4213 1233 4263 ad
1260 4213 1464 4273 Titum
1503 4212 1692 4280 sapite
1729 4210 1894 4278 1,[15.
1964 4212 2039 4265 Et
2077 4218 2255 4276 sane,
2297 4211 2535 4281 proprie
2572 4210 2670 4260 lo·

359 4277 593 4346 quenda
617 4315 632 4345 ‚
672 4276 809 4328 solis
836 4279 972 4332 filiis
999 4281 1114 4332 suis
1137 4284 1292 4353 Deus
1323 4290 1516 4334 totum
1544 4280 1824 4334 mundum
1854 4289 1912 4333 et
1938 4282 2212 4354 quicquid
2242 4283 2300 4334 in
2327 4280 2547 4334 mundo
2575 4289 2671 4330 est

359 4345 685 4405 destinavit.
724 4363 838 4419 qua
873 4354 1101 4405 ratione
1137 4353 1318 4407 etiam
1349 4363 1630 4409 vocantur
1658 4351 1863 4410 mundi
1882 4351 2141 4411 heredes.
2213 4353 2360 4411 Nam
2386 4349 2499 4419 hac
2527 4367 2670 4411 {³0²1-
