2820 4895
783 253 1406 324 (summm
1473 251 1788 361 Gustu.
2225 326 2229 335 ,
2341 254 2462 325 361
2532 229 2582 353 f

159 423 468 479 lavacrum
505 424 966 496 regenerationis
1007 424 1240 478 dicitur.
1311 425 1442 477 Vim
1468 433 1532 477 et
1554 439 1724 477 usum
1755 423 2272 479 sacramentorum
2299 418 2467 485 recte}

159 496 217 550 is
248 495 506 561 tenebit,
544 495 647 565 qui
681 511 814 550 rem
852 503 914 553 et
958 494 1186 565 signum
1226 494 1316 547 ita
1354 504 1698 563 connectet,
1746 502 1813 563 ut
1853 496 2080 565 signum
2118 513 2240 548 non
2281 497 2467 565 faciat

162 566 350 619 inane
388 575 489 619 aut
524 564 824 628 inefficax3
873 583 1067 635 neque
1101 576 1302 618 tamen
1338 567 1462 618 eius
1492 564 1739 618 ornandi
1775 580 1950 621 causa
1981 565 2220 634 Spiritui
2258 577 2461 621 sancto

85 648 92 653 '
166 635 473 703 detrahat,
513 635 669 705 quod
705 652 875 688 suum
899 645 1022 693 est.
1090 635 1351 689 Tametsi
1383 644 1576 705 autem
1603 651 1792 705 neque
1820 635 2137 690 abluuntur
2162 638 2461 706 Baptisma

161 706 370 774 impii,
425 714 615 776 neque
660 715 1047 771 renovantur,
1101 706 1483 759 nihilominus
1522 708 1639 777 vim
1677 708 1888 773 istam,
1940 707 2096 778 quod
2135 707 2208 760 ad
2246 710 2482 779 Deum,

133 776 422 839 *retinen
458 776 630 846 quia,
666 785 960 845 utcunque
995 776 1107 829 Dei
1147 779 1403 846 gratiam
1447 785 1756 846 respuant,
1796 776 1914 829 illis
1952 788 2153 830 tamen
2196 779 2463 834 offertur.

162 848 352 899 Porro
392 844 490 899 hic
530 845 731 899 fideles
758 847 969 901 Paulus
1001 847 1347 916 compellat,
1398 851 1462 899 in
1506 848 1759 917 quibus,·
1796 849 1937 917 quia
1976 864 2204 933 semper
2231 837 2463 919 Baptis-

162 933 300 969 mus
328 924 416 968 est
440 915 678 984 efficax,
718 919 925 971 merito
953 934 1085 969 cum
1112 934 1213 970 sua
1242 917 1488 969 veritate
1516 928 1580 969 et
1607 917 1819 969 effectu
1848 920 2242 988 cuniungitur.
2323 921 2463 972 Mo·-

163 984 601 1053 nemur'autem
635 986 752 1042 hac
788 987 1165 1057 loquutione,
1202 988 1317 1041 nisi
1356 987 1597 1043 velimus
1637 987 1932 1039 exinanire
1963 1005 2204 1042 *sacrum
2233 989 2462 1059 Baptis-

162 1073 368 1124 mum,
397 1056 671 1112 virtutem
711 1058 835 1112 eius
870 1060 1130 1125 novitate
1168 1058 1320 1126 vitae
1358 1073 1484 1109 esse
1527 1057 2041 1133 comprobandam.
2194 1059 2462 1131 Renopa-

164 1119 356 1181 lionis
385 1126 640 1194 Spiritus
668 1130 886 1181 sancti..
956 1131 1301 1200 Quanquam
1331 1127 1481 1196 signi
1509 1127 1805 1195 meminit,
1840 1136 1907 1180 ut
1937 1128 2316 1195 conspicuam
2354 1143 2463 1179 no·

162 1197 262 1250 bis
288 1195 400 1248 Dei
427 1196 677 1264 gratiam
704 1196 957 1251 faceret:
995 1208 1193 1250 tamen
1231 1216 1307 1251 ne
1333 1197 1398 1249 in
1431 1197 1533 1265 illo
1571 1198 1950 1265 haereamus,
1986 1213 2124 1250 mox
2162 1197 2239 1249 ad
2274 1197 2464 1264 Spiri-

163 1275 300 1318 tum
324 1281 432 1317 nos
466 1276 732 1329 revocat,
787 1276 852 1319 ut
891 1269 1177 1334 sciamus,
1227 1283 1334 1320 nos
1371 1269 1494 1318 eius
1533 1269 1779 1334 virtute,
1823 1285 1944 1320 non
1973 1284 2128 1337 aqua
2167 1267 2462 1333 mundari,

161 1337 333 1390 iuxta
376 1335 519 1388 ill-ud
555 1336 875 1399 Ezechielis
915 1337 1027 1406 (86,
1059 1340 1201 1407 15.);
1266 1336 1575 1404 Effundam
1620 1353 1791 1407 super
1832 1355 1930 1390 vos
1972 1354 2155 1406 aquas
2196 1338 2463 1402 mundas,

155 1423 379 1475 nempe
407 1407 689 1474 Spiritum
714 1423 929 1460 meum.
957 1408 961 1412 ’
995 1409 1075 1478 Et
1104 1416 1260 1459 certe
1287 1409 1369 1463 sic
1398 1424 1531 1460 cum
1551 1407 1880 1475 Prophetae
1911 1408 2100 1460 verbis
2131 1414 2468 1476 congruunt

162 1477 352 1530 Pauli-
380 1473 588 1544 verba,
644 1486 708 1530 ut
743 1478 902 1529 idem
946 1477 1307 1553 abxutroque
1353 1476 1471 1530 dici
1511 1485 1808 1546 appareat.
1880 1480 2074 1600 quare
2108 1478 2283 1530 initio
2324 1476 2466 1544 dixi,

165 1547 448 1612 Paulum,
490 1564 674 1620 quum
703 1548 939 1616 proprie
975 1549 1047 1600 de
1073 1548 1293 1617 Spiritu
1322 1556 1525 1599 sancto
1553 1557 1717 1616 agat,
1763 1547 1915 1605 simu
1960 1549 2229 1605 alludere
2251 1547 2325 1599 ad
2353 1550 2463 1601 Ba·
2548 1598 2551 1613 ff

162 1620 469 1687 ptismum.
539 1620 695 1685 Ergo
726 1618 971 1686 Spiritus
998 1619 1273 1686 Dei·est,
1317 1619 1416 1687 qui
1461 1635 1565 1669 nos
1608 1626 1949 1687 regenerat,
1989 1619 2251 1688 facitque
2288 1634 2468 1670 novas

165 1696 498 1748 creaturan
550 1689 651 1744 sed
688 1690 823 1762 quia
851 1689 1152 1742 invisibilis
1194 1699 1253 1740 et
1293 1690 1522 1742 occulta
1567 1698 1653 1740 est
1696 1688 1819 1744 eius
1861 1689 2084 1757 gratia,
2142 1688 2364 1741 visibile
2401 1688 2467 1740 in

103 1770 114 1778 ’
157 1759 472 1826 ‘Baptismo
516 1758 637 1811 eius
676 1758 999 1827 symbolum
1051 1759 1423 1827 conspicitur.
1462 1752 1473 1783 f
1511 1757 1623 1810 Alii
1658 1758 2127 1817 Renovationem
2167 1759 2369 1829 legunt
2406 1760 2470 1811 in

166 1827 544 1889 accusativo,
598 1830 752 1899 quod
782 1845 888 1899 ego
916 1825 1151 1900 quidem
1193 1827 1311 1880 non
1337 1828 1637 1897 improb03
1689 1830 1789 1881 sed
1824 1829 2019 1882 altera
2040 1829 2224 1895 lectio
2265 1824 2470 1905 nreliu‘s

168 1899 421 1971 (iudicio
453 1902 608 1967 meo)
631 1902 931 1951 convenit.
1033 1906 1039 1909 '
1516 1903 1533 1909 ‘
2098 1926 2099 1929 ¹
2352 1954 2357 1965 ,
2496 1898 2497 1901 ’

173 1996 182 2004 -
263 1969 360 2020 «6.
436 1965 604 2034 Quod
647 1971 873 2038 effudit.
956 1967 1285 2019 Relativum
1333 1952 1487 2035 apud
1533 1967 1790 2019 Graecos
1843 1975 1966 2021 tam
2015 1967 2259 2020 lavacro
2297 1983 2470 2037 quam

170 2037 419 2105 Spiritui
450 2041 755 2100 convenit3
805 2053 943 2090 nam
981 2038 1100 2090 illis
1133 2049 1445 2106 utrumque
1485 2053 1698 2093 nomen
1745 2048 1831 2089 est
1870 2047 2191 2104 neutrum,
2237 2037 2473 2095 tametsi

169 2108 367 2177 quoad
393 2123 623 2160 sensum
657 2125 776 2160 non
809 2108 1055 2160 multum
1084 2109 1297 2172 refert;
1336 2108 1662 2175 eiegantior
1699 2116 1899 2160 tamen
1942 2112 2057 2161 erit
2094 2107 2470 2176 metaphora,

168 2180 225 2231 si
260 2179 491 2230 lavacro
532 2187 764 2246 aptetur
797 2179 1125 2230 relativum.
1181 2179 1399 2246 -Neque
1439 2194 1583 2241 vero
1617 2176 1757 2230 huic
1797 2181 2127 2231 sententiae
2164 2187 2473 2247 repugnat,

171 2250 331 2318 quod
359 2250 558 2300 o‘mnes
582 2241 910 2316 pro'iniscue
938 2249 1340 2316 baptizantun
1391 2263 1527 2300 nam
1562 2264 1745 2316 quum
1768 2248 2016 2303 effusum
2040 2250 2342 2302 lavacrum
2370 2249 2474 2300 do-

171 2328 303 2384 cet,
348 2333 465 2370 non
501 2326 622 2371 tam
655 2321 727 2373 de
757 2322 925 2388 signo
962 2337 1139 2388 quam
1168 2320 1238 2369 de
1264 2335 1329 2369 re
1363 2319 1586 2384 signata
1623 2318 1914 2388 loquitur,
1967 2321 2032 2371 in
2075 2336 2197 2389 qua
2236 2319 2349 2372 sita
2386 2327 2503 2371 est:¹

168 2389 325 2460 signi
350 2390 577 2442 veritas.
647 2393 849 2461 Quum
880 2391 1023 2447 dicit
1051 2391 1349 2456 opulente,
1397 2386 1722 2456 significat,
1778 2406 1890 2472 (guo
1926 2391 2178 2463 quisque
2207 2398 2475 2457 nostrum

169 2461 498 2525 maioribus
531 2460 695 2520 donis
722 2463 985 2528 excellit,
1024 2476 1092 2515 eo
1120 2458 1300 2526 magis
1330 2458 1441 2511 Dei
1472 2460 1903 2514 misericordiae
1939 2478 2062 2516 esse
2092 2460 2470 2528 obstrictum,

99 2569 102 2572 2
173 2548 327 2603 quae
355 2532 616 2585 solanos‘
631 2532 979 2601 locupletat,
1022 2543 1200 2600 quum
1239 2545 1272 2578 a
1312 2529 1481 2580 nobis
1512 2546 1743 2598 prorsus
1772 2531 2057 2583 bonorum
2085 2531 2353 2583 omnium
2383 2528 2476 2584 in-

177 2618 320 2669 opes
353 2611 425 2653 ‘ac
465 2601 631 2654 vacui
670 2603 868 2656 simus.
958 2601 1016 2662 Si
1058 2600 1181 2669 quis
1218 2599 1494 2664 obiiciat,
1542 2599 1669 2651 nors
1701 2617 1901 2653 omnes
1927 2601 2039 2654 Dei
2078 2600 2235 2674 filios
2275 2608 2476 2652 tantae

109 2720 114 2725 ,
174 2671 517 2739 opulentiae
556 2689 678 2723 esse
712 2681 1038 2741 compotes,
1082 2670 1221 2740 quin
1253 2668 1441 2737 potius
1469 2670 1581 2722 Dei
1610 2671 1862 2739 gratiam
1894 2672 2151 2723 tenuiter
2176 2670 2236 2722 in
2263 2671 2476 2726 multos

176 2741 768 2809 stillarum-responsio
796 2752 903 2808 est,
940 2741 1160 2792 nemini
1185 2739 1459 2791 'distribui
1489 2748 1613 2791 tarn
1639 2743 1903 2809 exiguam
1929 2757 2291 2806 mensuram,
2331 2739 2478 2811 quin

176 2828 317 2867 vere
356 2813 791 2884 censeripossit
823 2814 1015 2877 dives,
1053 2810 1332 2880 quoniam
1369 2810 1618 2862 minima
1643 2811 1889 2879 Spiritus
1929 2819 2099 2880 gutta
2144 2812 2349 2879 (utffita
2388 2811 2479 2862 lo·

178 2885 353 2954 quar)
397 2882 574 2934 veluti
600 2884 872 2951 perennis
907 2882 1038 2934 fons
1079 2889 1196 2946 est,
1244 2881 1344 2948 qui
1379 2895 1682 2949 nunquam
1723 2880 1953 2934 arescit.
2023 2882 2184 2949 Ergo
2224 2880 2299 2932 ad
2335 2896 2479 2949 opu-

177 2952 424 3006 lentiam
451 2952 695 3019 sufficit,
736 2954 926 3024 quod,
968 2950 1548 3021 quantulumcunque
1584 2951 1753 3002 nobis
1788 2951 1986 3019 detur,
2027 2969 2153 3003 nun
2197 2967 2332 3015 uam
2372 2950 2484 3001 de-

178 3023 364 3075 ficiat.
502 3025 615 3086 Per
644 3026 830 3080 Iesum
862 3024 1171 3078 Christum.
1242 3022 1297 3071 Is
1331 3023 1485 3072 enim
1513 3021 1670 3074 solus
1702 3029 1822 3086 est,
1855 3021 1922 3073 in
1953 3037 2068 3092 quo
2099 3039 2140 3073 a.
2183 3031 2481 3089 optamur.

179 3095 340 3161 Ergo
365 3093 523 3144 idem
552 3101 636 3144 est
648 3105 672 3159 ,“
706 3110 809 3159 per
835 3109 1008 3163 quem
1044 3090 1330 3143 efficimur
1358 3092 1603 3157 Spiritus
1631 3090 1945 3161 participes
1964 3128 1981 3156 ,
2019 3093 2118 3162 qui
2149 3090 2482 3160 adoptionis

176 3172 420 3216 nostrae
445 3162 621 3215 arrha
652 3172 739 3217 est
756 3163 825 3215 et
847 3162 1030 3213 testis.
1102 3162 1291 3213 Docet
1319 3161 1517 3228 itaque
1547 3161 1756 3213 Paulus
1783 3159 1897 3213 hoc
1924 3161 2099 3213 verbo
2118 3197 2142 3227 ,.
2176 3178 2309 3223 non,
2327 3161 2484 3248 alio?

178 3234 396 3287 donari
422 3232 639 3300 Spiritu
664 3230 1127 3298 regenerationis
1147 3268 1163 3295 ‚
1203 3247 1379 3298 quam
1413 3232 1509 3300 qui
1540 3240 1675 3283 sunt
1702 3230 1919 3283 Christi
1951 3230 2247 3285 membra.
2538 3290 2543 3295 ,

309 3303 375 3356 ,7.
454 3305 528 3362 Ut
557 3304 895 3369 iustificati.
970 3303 1031 3356 si
1064 3301 1571 3369 regenerationem
1614 3301 1934 3368 accipimus
1979 3302 2224 3371 proporio
2265 3312 2327 3352 et
2368 3296 2484 3352 usi·

175 3382 309 3432 tato
337 3381 540 3438 sensu,
577 3372 756 3424 videri
783 3379 976 3440 posset
1005 3371 1308 3435 Apostolus
1337 3372 1681 3425 iustificatos
1701 3388 1920 3441 ponere
1953 3388 2059 3440 pro
2098 3371 2485 3440 regeneratis,

178 3453 365 3511 ‘atque
403 3442 517 3492 hoc
560 3439 1230 3510 aliquandosignificat,
1293 3441 1395 3493 sed
1435 3444 1652 3504 rarius3
1717 3443 1876 3493 nulla
1916 3450 2112 3498 tamen
2172 3442 2488 3498 necessitas

179 3513 349 3580 cogit
390 3530 421 3563 a
453 3512 689 3580 propria
731 3521 789 3564 et
818 3513 998 3579 magis
1028 3511 1278 3579 genuina
1306 3511 1736 3579 significatione
1767 3513 2082 3566 discedere.
2163 3510 2489 3568 Consilium
2560 3577 2567 3582 „

178 3582 352 3637 Pauli
382 3591 501 3647 est,
543 3582 824 3651 quicquid
849 3597 1046 3642 sumus
1078 3590 1137 3632 et
1173 3581 1495 3650 habemus,
1547 3591 1855 3651 acceptum
1893 3582 2051 3634 ferre
2089 3583 2325 3649 gratiae
2349 3580 2487 3647 Dei,

178 3671 264 3705 ne
296 3653 538 3718 superbe
567 3653 914 3704 extollamur
941 3651 1209 3704 adversus
1234 3651 1399 3704 alios.
1475 3653 1860 3722 Commendat
1899 3668 2038 3720 ergo
2081 3651 2190 3703 hic
2219 3652 2333 3704 Dei
2376 3649 2493 3703 mi-

184 3723 605 3786 sericordiam,
658 3723 748 3776 illi
792 3739 1027 3773 causam
1073 3722 1274 3774 salutis
1315 3731 1551 3776 nostrae
1590 3724 1651 3774 in
1695 3722 1946 3778 solidum
1987 3723 2279 3777 tribuens.
2355 3719 2494 3780 ,Sed

186 3792 333 3863 quia
363 3793 431 3844 de
456 3792 965 3860 infideliunrvitiis
990 3792 1261 3860 loquutus
1292 3801 1449 3857 erat,
1489 3811 1603 3845 non
1650 3791 1848 3844 debuit
1882 3793 2134 3861 g'ratiam
2181 3806 2495 3861 regenera-

181 3864 372 3916 tionis
410 3864 715 3927 omittere,
768 3879 917 3932 quae
959 3862 1247 3913 medicina
1293 3870 1379 3913 est
1417 3863 1531 3914 illis
1566 3862 1896 3922 sanandis.v
1953 3864 2181 3918 Verumt
2222 3861 2335 3914 hoc
2373 3876 2528 3915 non„

113 3997 116 4000 Α
187 3933 422 3997 obstat,
476 3935 786 3999 quominus
819 3928 1019 3984 statim
1056 3932 1133 3984 ad
1172 3932 1739 3984 commendationem
1779 3931 2240 3985 misericordiae
2267 3928 2495 3995 redeat,

183 4005 318 4057 imo
342 4012 655 4071 utrumque
680 4004 1020 4070 permiscet,
1059 4001 1227 4055 nobis
1256 4003 1512 4069 gratuito
1536 4001 1780 4054 remissa
1817 4019 1938 4053 esse
1973 4012 2260 4071 peccata,
2301 4009 2364 4050 et
2390 4016 2499 4051 nos

184 4076 256 4127 in
303 4072 691 4125 obedientiam
719 4067 837 4131 Dei
877 4073 1056 4137 fuisse
1094 4080 1422 4124 renovatos·
1491 4074 1618 4124 Hoc
1659 4072 1892 4141 quidem
1937 4069 2210 4139 constat,
2254 4071 2537 4123 Paulum·

187 4143 676 4204 iustificationem
701 4159 958 4208 asserere
987 4144 1307 4209 gratuitum
1336 4158 1458 4193 esse
1485 4144 1609 4195 Dei
1629 4142 1873 4203 donum;
1910 4149 2139 4194 tantum
2178 4140 2506 4211 quaeritur,

89 4233 96 4236 ’
190 4214 336 4283 quid
368 4229 471 4281 per
495 4229 708 4263 nomen
735 4212 1169 4265 Iustificationis
1193 4211 1502 4281 significet,
1584 4214 1900 4266 Contextus
1927 4214 2164 4265 videtur·
2186 4210 2505 4280 postulare,

190 4293 262 4336 ut
301 4283 526 4350 longius
567 4298 745 4350 quam
789 4283 864 4334 ad
907 4283 1163 4335 iustitiae
1205 4280 1652 4350 imputationem
1693 4282 1998 4349 extendat,
2063 4283 2128 4336 in
2181 4298 2297 4349 quo
2335 4295 2512 4336 sensu

172 4368 356 4418 raro·
384 4356 473 4417 (ut
504 4351 651 4417 dixi)
689 4354 993 4406 ,invenitur
1032 4351 1187 4420 apud
1212 4352 1509 4414 Paulums,
1525 4351 1673 4404 nihil
1711 4360 1908 4404 tamen
1947 4352 2243 4421 impedit,
2281 4348 2513 4420 quomi-

192 4439 308 4478 nus
343 4422 426 4484 -ad
469 4413 871 4478 remissionem
913 4432 1291 4492 peccatorum
1323 4421 1510 4494 possit
1545 4422 1843 4493 restringi.
1929 4422 2111 4493 Quod.
2157 4419 2333 4475 dicite
2386 4420 2581 4478 εἰμι’.

1233 4644 1246 4670 Ι
