2820 4895
342 533 457 611 m
515 539 1317 610 Pos'rnmoaam
1360 541 1686 610 PAULI
1741 541 1880 646 ao
1938 499 2621 607 TmoTnEU-lu
2699 491 2708 496 ’

426 695 435 704 '
550 725 575 736 κ
1159 677 1818 733 ARGUMENTUM.

344 818 465 923 Ex
501 865 751 934 historia
791 869 987 923 Lucae
1027 861 1123 924 vix'
1164 880 1327 924 certo
1370 867 1577 939 colligi
1620 878 1850 938 potest,
1901 869 2131 940 quando
2177 867 2402 933 scripta
2441 859 2633 932 ⁸fuerit:

348 940 520 1013 prior
551 938 825 1006 epistola.
880 941 1042 991 =Non
1067 950 1264 992 tamen
1295 939 1496 996 dubito
1517 975 1534 1005 ‚
1611 942 1717 991 uin
1745 941 1817 994 ab
1853 957 1920 998 eo
1951 949 2222 1005 tempore
2244 935 2635 988 Timotheum

348 1025 552 1060 coram
589 1007 925 1076 alloquutus
967 1009 1152 1059 fuerit
1182 1009 1426 1073 Paulus,
1475 1018 1532 1060 et
1617 1009 1699 1060 eri
1743 1026 1974 1078 quoque
2015 1016 2211 1074 potest
2250 1005 2319 1069 (si
2351 1014 2639 1071 receptae

346 1077 542 1129 famae
572 1076 888 1141 creditur),
938 1086 1004 1136 ut
1046 1094 1113 1126 eo
1158 1077 1378 1129 comite
1421 1095 1492 1129 ac
1529 1076 1800 1130 adiutore
1846 1076 2044 1128 multis
2072 1075 2133 1127 in
2160 1074 2303 1124 locis
2333 1089 2471 1126 usus
2503 1071 2637 1122 fue-

178 1181 185 1188 »
269 1192 280 1205 .
346 1145 453 1199 rit.
538 1143 739 1197 Fuisse
778 1154 984 1206 tamen-
1021 1145 1211 1197 adhuc
1255 1145 1508 1213 Ephesi,
1577 1163 1755 1224 quum
1798 1146 1868 1196 ad
1915 1162 2048 1196 eum
2088 1143 2449 1195 scriberetur
2488 1140 2639 1191 haec

297 1215 315 1224 ⁸
354 1214 598 1282 epistole
619 1251 633 1276 ,
690 1213 975 1281 colligere
1007 1223 1348 1282 promptum
1371 1223 1496 1275 est,
1549 1230 1687 1283 quia
1718 1214 1930 1266 Paulus
1962 1214 2067 1264 sub
2094 1212 2271 1263 finem
2302 1209 2641 1260 Priscillam

352 1293 413 1335 et
448 1282 721 1352 Aquilam
752 1290 812 1331 et
842 1283 1278 1349 Onesiphorum
1312 1283 1564 1347 salutat,
1604 1299 1858 1350 quorum
1888 1282 2130 1333 ultimus
2163 1280 2277 1331 fuit
2303 1278 2598 1346 Ephesius
2619 1293 2638 1332 ε

350 1351 498 1422 alios
524 1349 882 1410 autemjllic
909 1351 1274 1419 substitisse,
1312 1368 1492 1420 quum
1516 1351 1580 1402 in
1607 1352 1885 1414 Iudaeam
1917 1351 2222 1419 navigaret
2253 1347 2502 1412 Paulus,
2548 1354 2640 1396 te-

308 1430 327 1462 ·,
351 1420 452 1473 stis
481 1428 571 1471 est
601 1420 810 1496 Lucas.
883 1418 996 1470 Hic
1025 1431 1224 1471 autem
1261 1420 1614 1488 praecipuus
1649 1430 1737 1473 est
1769 1419 1967 1485 cardo,
2004 1418 2069 1469 in
2100 1434 2214 1487 quo
2243 1417 2536 1478 vers‘atur,
2573 1423 2647 1466 ut

260 1505 277 1520 ⁷*
350 1489 728 1541 Timotheum
757 1496 881 1538 tam
911 1487 973 1537 in
1002 1488 1117 1539 fide
1149 1488 1465 1557 Evangelii
1493 1505 1671 1557 ,quam
1700 1488 1761 1540 in
1796 1487 2094 1541 constanti
2126 1487 2473 1553 sinceraque
2507 1482 2643 1535 eius

352 1557 797 1628 praedicatione
839 1557 1175 1609 confirmet.
1263 1558 1376 1612 Sed
1420 1574 1539 1607 non
1575 1575 1782 1626 parum
1819 1557 1912 1609 his
1951 1554 2471 1607 exhortationibus
2509 1569 2643 1603 mo—

350 1624 546 1677 menti
588 1625 749 1675 addit
790 1625 1078 1693 te’mporis
1120 1625 1590 1678 circumstantia.
1674 1629 1938 1678 Mortem
1969 1625 2228 1677 babebat
2257 1622 2474 1674 Paulus
2499 1629 2645 1672 ante

354 1694 561 1746 oculos
581 1730 597 1758 ,
652 1710 829 1761 quam
854 1694 1055 1744 subire
1085 1705 1322 1762 paratus
1357 1705 1485 1746 erat
1514 1711 1623 1762 pro
1653 1694 1964 1765 Evangelii
1991 1691 2361 1745 testimonio.
2449 1692 2647 1758 Quae·

357 1778 588 1829 cunque
629 1760 820 1826 igitur
854 1762 953 1813 hic
995 1763 1239 1831 legimus
1281 1765 1351 1815 de
1381 1763 1604 1815 Christi
1645 1779 1868 1831 regno,
1926 1763 1996 1818 de
2025 1777 2128 1830 spe
2157 1762 2316 1813 vitae
2338 1768 2643 1824 aeternae,

354 1832 428 1884 de
469 1829 804 1898 Christiana
844 1831 1092 1898 militia,
1156 1833 1229 1883 de
1270 1832 1489 1884 fiducia
1533 1833 1951 1896 confessionis,
2018 1831 2089 1882 de
2135 1828 2493 1882 certitudine
2537 1828 2646 1877 do-

356 1898 615 1951 ctrinae:
669 1913 783 1951 non
814 1909 1097 1970 tanquam
1129 1910 1464 1953 atramento
1497 1900 1756 1969 scripta,
1792 1903 1891 1953 sed
1919 1901 2102 1967 ipsius
2133 1898 2300 1951 Pauli
2328 1896 2643 1963 sanguine,

354 1966 626 2035 accipere
668 1969 979 2020 convenit.·
1015 1969 1170 2020 nihil
1220 1970 1379 2022 enim
1419 1971 1666 2035 asserit,
1714 1987 1817 2038 pro
1859 1986 1972 2039 quo
2010 1968 2220 2020 mortis
2256 1982 2396 2018 suae
2428 1966 2643 2031 pignus

354 2049 473 2090 non
504 2045 780 2103 opponat.
855 2038 1108 2089 Proinde
1135 2039 1285 2091 haec
1314 2039 1560 2107 epistola
1590 2040 1754 2109 quasi
1779 2038 2040 2090 solennis
2070 2035 2353 2106 quaedam
2389 2043 2476 2084 est
2506 2033 2644 2084 sub·

355 2105 608 2172 sciiptio
642 2106 925 2158 Paulinae
963 2107 1297 2172 doctrinae,
1352 2124 1537 2175 eaque
1580 2125 1650 2159 ex
1687 2125 1751 2159 re
1797 2108 2120 2175 praesenti.
2202 2106 2325 2155 Iam
2354 2117 2492 2154 vero
2519 2118 2645 2153 me-

359 2174 550 2226 moria
587 2181 790 2227 tenere
835 2192 1048 2243 operae
1087 2179 1340 2244 pretium
1380 2186 1505 2241 est,
1547 2177 1703 2243 quod
1733 2176 2025 2243 inpriore
2055 2173 2303 2243 epistola
2332 2169 2643 2222 admonui-

355 2260 521 2308 mus,
580 2259 696 2293 non
740 2243 913 2295 unius
954 2254 1192 2296 tantum
1236 2243 1495 2296 hominis
1544 2261 1713 2297 causa
1756 2245 2058 2311 scripsisse
2097 2240 2476 2311 Apostolum,
2538 2238 2648 2290 sed

274 2326 291 2334 ²
358 2313 740 2382 proposuisse
781 2312 887 2364 sub
929 2312 1100 2364 unius
1145 2330 1403 2381 persona·
1436 2330 1809 2365 communem
1853 2314 2220 2372 doctrinam,
2260 2327 2410 2379 quae
2433 2316 2647 2378 postea

354 2380 484 2433 aliis
529 2397 636 2449 per
683 2379 805 2431 eius
847 2383 1082 2432 nianum
1126 2382 1485 2434 traderetur.
1561 2384 1642 2433 Ae
1686 2382 1942 2451 primum
1979 2381 2216 2449 quidem
2255 2378 2497 2429 laudata
2525 2376 2647 2428 fide

289 2463 292 2466 ’
359 2449 697 2515 Timothei,
750 2447 812 2500 in
838 2467 971 2519 ,qua
1015 2451 1295 2502 educatus
1337 2453 1531 2503 fuerat
1569 2470 1602 2505 a
1647 2469 1870 2520 puero,
1922 2450 2080 2503 utin
2114 2449 2419 2513 doctrina,
2466 2461 2644 2515 quam

361 2520 647 2572 didicerat
666 2555 681 2582 ,
724 2527 782 2568 et
807 2517 870 2567 in
900 2536 1140 2570 munere
1164 2520 1283 2571 ,sibi
1311 2520 1621 2573 commisso
1652 2520 1912 2572 fideliter
1940 2526 2302 2587 perseveret,
2338 2533 2471 2568 eum
2501 2515 2649 2565 hor-

360 2598 558 2648 tatur,
616 2594 673 2635 et
704 2586 873 2637 simul
897 2603 969 2637 ne
1001 2598 1247 2659 propter
1279 2605 1381 2640 sua
1412 2589 1641 2640 vincula
1672 2599 1776 2641 aut
1800 2589 2057 2640 aliorum
2088 2586 2452 2638 defectiones
2481 2584 2647 2635 laba-

358 2665 520 2720 scat,
550 2654 640 2704 -de
674 2671 776 2705 suo
812 2656 1157 2720 Apostolatu
1191 2667 1248 2707 et
1280 2657 1555 2708 mercede
1586 2658 1697 2709 sibi
1723 2658 1979 2725 reposita
2009 2655 2324 2723 gloriatur.
2405 2652 2646 2704 Laudat

360 2723 960 2789 etiam'Onesimum,
1015 2733 1082 2775 ut
1124 2723 1386 2795 reliquos
1431 2726 1651 2779 animet
1688 2726 1810 2777 eius
1856 2725 2147 2791 exemplo.
2241 2723 2316 2774 Et
2364 2720 2651 2790 quoniam

360 2794 508 2845 dura
549 2802 640 2844 est
682 2809 882 2845 eorum
921 2792 1217 2859 conditio,
1272 2794 1369 2863 qui
1399 2795 1623 2846 servire
1656 2794 1887 2847 Christo
1919 2794 2168 2858 volunt,
2219 2789 2649 2860 similitudines

360 2863 539 2916 sumit
579 2871 699 2911 tam
740 2864 811 2911 ab
852 2861 1130 2928 agricolis
1174 2880 1353 2932 quam
1393 2881 1441 2913 a,
1467 2862 1796 2928 militibus,
1852 2878 2106 2931 quorum
2128 2860 2363 2929 priores
2388 2859 2660 2911 multum

358 2930 593 3000 laboris⁹
614 2928 674 2980 in
705 2930 1002 2982 culturam
1030 2940 1227 2982 terrae
1256 2930 1603 2999 impendere
1626 2949 1746 2983 non
1773 2931 2077 2995 dubitant,
2126 2929 2468 2998 priusquam
2494 2926 2651 2978 ullus

360 3000 590 3054 fructus
620 3008 935 3066 appareat:
994 3000 1054 3051 hi
1087 3018 1225 3050 vero
1261 3018 1321 3051 se
1351 3000 1628 3051 abdicant
1653 2998 1814 3053 curis
1843 3004 1901 3052 e't
1924 2999 2192 3068 negotiis
2221 2996 2533 3060 omnibus,
2582 2996 2671 3045 ut‘

360 3086 423 3123 se
450 3078 609 3121 totos
641 3067 817 3119 armis
851 3072 908 3118 et
939 3066 1296 3135 imperatori
1324 3086 1432 3121 suo
1465 3068 1757 3122 addicant.
1831 3069 2044 3120 Postea
2070 3069 2314 3120 brevem
2332 3063 2653 3132 Evangelii
2691 3108 2698 3112 .

360 3136 452 3191 sui
494 3153 783 3189 summam
830 3137 1169 3202 complexus
1214 3138 1524 3191 Timotheo
1566 3138 1883 3205 praecipit,
1952 3148 2018 3190 ut
2061 3154 2190 3189 eam
2236 3134 2366 3189 aliis
2410 3149 2662 3202 quoque.

332 3214 335 3215 ’
360 3206 595 3271 tradat,
646 3214 705 3258 et
730 3215 896 3257 curet
926 3205 993 3255 ad
1023 3217 1289 3273 posteros
1318 3208 1661 3275 propagari.
1749 3207 1908 3261 Hinc
1935 3207 2155 3259 iterum
2185 3201 2495 3257 mentione
2527 3200 2654 3252 vin·

364 3275 638 3327 culorum
683 3288 924 3325 suorum
967 3273 1162 3340 facta,
1217 3276 1281 3325 in
1322 3284 1589 3327 sanctam
1623 3275 1988 3341 iactantiam,
2017 3275 2332 3343 exsurgit,.
2364 3274 2432 3323 ut
2464 3268 2656 3320 animi

362 3342 454 3396 sui
495 3340 907 3409 magnitudine
948 3343 1071 3410 pios
1112 3342 1318 3413 erigat.
1370 3361 1510 3395 nam
1542 3361 1688 3412 quae
1717 3362 1823 3397 nos
1851 3343 1915 3395 in
1942 3344 2105 3396 coelo
2141 3357 2363 3394 corona
2389 3346 2657 3402 maneat,

365 3428 565 3464 omnes
602 3427 801 3461 secum
837 3409 1057 3462 intueri
1093 3410 1278 3463 iubet.
1353 3414 1437 3463 Ad
1464 3414 1612 3473 haec
1649 3413 1819 3465 iubet
1860 3430 1892 3465 a
1938 3412 2406 3479 disputationum
2433 3407 2658 3476 pugnis

364 3491 426 3533 et
472 3479 641 3533 vanis
700 3474 1143 3547 quaestionibus
1199 3480 1538 3548 abstinere,
1586 3482 1943 3535 aedificandi
1986 3480 2247 3534 studium
2288 3494 2361 3529 ex
2401 3478 2657 3528 adverso

367 3547 801 3602 commendans.
901 3550 974 3598 Et
1027 3566 1142 3617 quo
1202 3550 1416 3613 melius
1468 3560 1701 3619 constet
1755 3569 1932 3621 quam
1984 3548 2238 3617 capitale
2280 3547 2360 3599 sit
2401 3543 2657 3612 malum,

365 3619 645 3688 quosdam
685 3616 875 3668 refert
911 3615 1094 3669 fuisse
1139 3634 1207 3667 eo
1256 3618 1555 3687 perditos,
1624 3629 1686 3671 et
1722 3618 2072 3672 nominatim
2109 3617 2254 3669 duos
2303 3629 2661 3667 commemo-

363 3696 494 3752 rat,
547 3687 950 3751 Hymenaeum
990 3696 1047 3736 et
1091 3686 1427 3750 Philetum,
1489 3687 1592 3757 qui
1634 3687 1708 3739 in.
1739 3688 2151 3757 prodigiosum
2192 3683 2470 3736 delirium
2510 3698 2659 3750 pro-

362 3754 549 3823 lapsi,
602 3754 686 3804 ita
720 3763 785 3805 ut
814 3754 1432 3821 subverterent-fidem
1463 3756 1954 3821 resurrectionis,
2003 3753 2360 3809 horrendam
2390 3767 2529 3802 suae
2549 3767 2660 3802 va-

366 3824 571 3876 nitatis
600 3839 850 3889 poenam
880 3823 1181 3876 dederant.
1247 3824 1359 3875 Sed
1391 3825 1529 3893 quia
1557 3841 1736 3893 grave
1763 3824 2186 3878 offendiculum
2212 3823 2427 3879 afferre
2453 3817 2661 3871 solent

326 3950 331 3953 k
368 3889 661 3944 eiusmodi
702 3891 933 3959 lapsus,
994 3892 1351 3960 praesertim
1390 3894 1699 3946 hominum
1737 3886 2064 3964 insignium
2104 3901 2164 3945 et
2206 3890 2310 3960 qui
2348 3890 2410 3941 in
2453 3886 2662 3957 aliqua

369 3958 798 4013 existimatione
830 3959 1110 4025 fuerunt,
1148 3961 1325 4012 docet
1348 3979 1463 4014 non
1491 3963 1705 4014 debere
1734 3962 1877 4016 hinc
1908 3964 2034 4031 pios
2064 3960 2325 4015 turbari:
2365 3957 2502 4028 quia
2534 3971 2661 4006 non

369 4045 611 4094 omnes,
665 4028 761 4095 qui
803 4028 1156 4094 profitentur
1185 4028 1414 4093 Christi
1454 4048 1706 4097 nomen,
1743 4049 1879 4090 vere
1909 4028 2133 4083 Christi
2161 4029 2317 4093 sint,
2363 4036 2422 4080 et
2449 4024 2663 4076 Eccle-

360 4097 519 4151 ‘siam
566 4094 705 4148 huic
745 4096 1024 4149 miseriae
1069 4099 1387 4150 obnoxiam
1417 4117 1556 4165 sesse
1599 4110 1907 4168 oporteat,
1957 4110 2023 4153 ut
2052 4099 2215 4157 inter
2241 4094 2429 4149 malos
2458 4102 2518 4145 et
2544 4092 2661 4145 im-

369 4168 502 4246 pios
543 4165 772 4217 habitet
806 4165 870 4215 in
908 4166 1022 4218 hoc
1057 4169 1296 4219 mundo.
1348 4169 1504 4236 quod
1540 4178 1742 4221 tamen
1786 4166 1860 4219 ne
1896 4170 2057 4221 ultra
2099 4164 2338 4220 modum
2368 4161 2665 4232 percellat

367 4236 634 4287 infirmas
665 4239 897 4286 mentes
917 4272 932 4297 ,
972 4235 1300 4303 prudenter
1327 4243 1652 4306 temperata
1691 4237 1826 4307 quia
1844 4236 2134 4290 Dominus
2164 4252 2322 4301 suos,
2362 4246 2509 4301 quos
2538 4230 2661 4281 ele-

288 4312 299 4321 ’
413 4303 497 4370 it,
547 4304 619 4357 ad
652 4301 833 4355 finem
870 4319 1055 4372 usque
1098 4311 1314 4356 servet.
1393 4306 1573 4360 Redit
1598 4316 1806 4376 postea
1829 4307 1901 4363 ad
1928 4304 2313 4363 Timotheum
2341 4301 2664 4354 exhortau-

298 4438 305 4455 ἴ
372 4319 549 4443 gum,
601 4387 722 4447 quo
748 4370 1011 4427 fideliter
1038 4370 1447 4451 ministerium
1471 4393 1644 4434 suum
1667 4374 1909 4452 exsequi
1943 4382 2175 4449 pergat.
2244 4372 2335 4427 aEt
2370 4385 2487 4441 quo
2527 4368 2663 4439 plus

2382 4528 2406 4536 ξ
