2820 4895
370 282 504 347 840
597 360 626 377 „‚

841 554 853 581 l

1245 634 1250 637 -
1470 595 1568 647 IN
2421 586 2438 595 ”

472 710 1302 852 EPJSTOLAM
1351 678 1783 796 PAULI
1857 680 2577 813 AD'TITUM

389 870 398 877 ’
1028 868 2039 938 101³.CALVI·N1

757 991 2274 1121 'COMMENTARIUS

1352 1240 1583 1313 Car.
1636 1240 1695 1310 Ι.

377 1413 429 1473 1.
492 1357 800 1469 pannus
842 1422 1075 1469 servus
1105 1403 1270 1480 Dei,
1329 1402 1704 1488 Apostolus
1746 1415 1972 1468 autem
2013 1403 2168 1465 lesu
2210 1399 2507 1475 Christi,
2562 1419 2683 1465 se·-

361 1494 667 1558 cundum
688 1489 891 1553 fidem
917 1486 1287 1552 electorum
1302 1487 1428 1551 Dei
1452 1501 1518 1552 et
1540 1491 1953 1574 agnitionem
1980 1489 2281 1554 veritatis
2306 1489 2475 1562 eiuS,
2502 1504 2681 1568 quae

368 1576 750 1657 secundum·
784 1577 1105 1660 pietatem
1146 1585 1282 1651 est,
1381 1577 1441 1636 2.
1501 1573 1577 1637 In
1625 1592 1746 1661 spe
1787 1572 1919 1661 (vel
1955 1586 2217 1656 propter
2256 1567 2455 1655 spem)
2496 1574 2680 1634 vitae

323 1744 326 1747 Ι
370 1676 723 1734 aeternae,
771 1677 971 1742 quam
1015 1660 1334 1744 promisit
1373 1661 1474 1737 is,
1531 1662 1645 1742 qui
1677 1660 1947 1731 mentiri
1973 1677 2115 1721 non
2145 1665 2408 1741 potest,
2463 1654 2680 1730 Deus,

365 1760 522 1811 ante
574 1756 884 1831 tempora
943 1741 1336 1824 saecularia;
1457 1748 1547 1808 8.=
1591 1743 2056 1807 Manifestavit
2095 1753 2321 1804 autem
2364 1742 2677 1825 propriis

366 1831 788 1915 temporibus
827 1842 1219 1892 sermonem
1258 1826 1625 1910 suurn·(vel
1650 1853 1765 1912 per
1791 1827 2169 1907 sermonem)
2193 1828 2267 1886 in
2311 1827 2677 1910 praedica-
2758 1854 2765 1859 ·

365 1918 555 1980 tione
574 1961 594 1989 ‚
650 1932 820 1997 quae
845 1911 1018 1976 mihi
1050 1915 1405 1976 commissa
1434 1925 1537 1976 est
1563 1910 1937 1977 secundum
1966 1909 2469 1974 ordinationem
2497 1907 2703 1971 Ser-⁴

263 2023 270 2037 ¹
367 2002 621 2068 vatoris
648 2000 870 2063 nostri
900 1997 1059 2061 Dei:
1164 2001 1224 2063 4.
1286 1997 1447 2061 Tito
1472 2016 1795 2082 germano
1828 1992 2004 2072 filio,
2062 1994 2437 2065 secundum
2473 2013 2673 2057 com-

366 2105 642 2148 munem
671 2076 867 2146 fidem
885 2125 905 2156 ‚
948 2085 1195 2166 gratia,
1239 2069 1745 2158 misericbrdia,
1791 2100 1933 2168 pax
1957 2100 1994 2143 a
2024 2080 2172 2144 Deo
2196 2080 2396 2144 Patre
2422 2090 2493 2151 et
2519 2078 2670 2141 Do·-

367 2173 555 2234 mino
584 2169 735 2233 Iesu
767 2166 1049 2233 Christo
1080 2168 1443 2233 Servatore
1468 2178 1737 2232 nostro.
2182 2172 2193 2195 ⁴

510 2306 561 2357 1.
637 2304 843 2355 Servus
872 2304 1004 2355 Dei.
1078 2303 1465 2356 Indicartam
1490 2304 1669 2372 longa
1694 2298 1773 2354 et'
1792 2312 2066 2354 accurata
2088 2284 2474 2369 apostolatus
2506 2315 2668 2351 com-

369 2372 667 2428 mendatio
686 2372 985 2424 Ecclesiae
1007 2373 1195 2443 magis
1227 2389 1406 2441 quam
1434 2373 1608 2426 unius
1624 2372 1750 2425 Titi
1779 2371 2044 2423 habitam
2073 2386 2107 2420 a
2138 2370 2316 2423 Paulo
2343 2368 2668 2445 rationefn.

367 2445 523 2498 Nam
560 2442 690 2495 eius
719 2441 1097 2511 Apostolatus
1133 2451 1300 2495 extra
1341 2442 1814 2494 controversiam
1854 2441 2009 2510 apud
2038 2439 2246 2496 Titum.
2279 2446 2429 2491 erat.
2503 2437 2669 2493 Solet

372 2521 572 2567 autem
595 2512 810 2565 Paulus
845 2526 990 2564 suae
1029 2511 1362 2563 vocationis
1395 2511 1590 2579 elogia
1621 2510 1970 2578 praedicare
2002 2511 2075 2561 ad
2101 2508 2524 2560 auctoritatem
2550 2502 2665 2558 sibi

370 2582 766 2636 asserendam.
849 2583 1059 2649 Itaque
1085 2587 1152 2636 ut
1181 2579 1431 2632 affectos
1458 2597 1584 2631 esse
1612 2579 1808 2644 sidet,
1863 2579 2074 2659 quihus
2103 2576 2350 2642 scribit,
2401 2576 2489 2629 ita
2516 2575 2666 2627 mul·

329 2666 346 2678 “
371 2660 466 2703 tus
499 2659 587 2701 est
610 2649 672 2701 in
699 2665 761 2701 se
790 2649 1057 2700 ornando
1076 2686 1092 2713 ,
1132 2641 1223 2701 vel
1251 2665 1486 2715 parcus.
1560 2648 1679 2700 Hic
1712 2663 1998 2717 quoniam
2028 2647 2120 2698 illi
2151 2644 2534 2714 propositum
2556 2653 2667 2706 est,

307 2769 314 2778 ,
368 2720 434 2770 in
480 2719 747 2771 ordinem
784 2734 886 2769 eos
933 2733 1180 2785 cogere,
1231 2715 1334 2785 qui
1365 2734 1428 2768 se
1453 2726 1731 2785 proterve
1762 2718 2121 2779 efferebant,
2173 2714 2308 2766 ideo
2338 2711 2664 2781 ma‘gnifice

372 2788 786 2856 Apostolatum
814 2802 988 2839 suum
1019 2786 1274 2838 extollit.
1347 2786 1740 2854 Scribitergo
1772 2803 1891 2839 non
1920 2802 2073 2855 quae
2103 2786 2273 2836 Titus
2296 2785 2359 2834 in
2390 2780 2664 2836 cubiculo

371 2857 533 2908 solus
570 2857 778 2924 legat.
825 2854 925 2907 sed
964 2871 1115 2924 quae
1156 2852 1425 2921 proferat
1456 2855 1519 2908 in
1564 2855 1891 2923 publicum.
1970 2855 2171 2906 Primo
2195 2869 2256 2904 se
2284 2850 2400 2914 Dei
2425 2863 2666 2903 servum

372 2924 672 2994 appellat3
723 2924 932 2977 deinde
957 2922 1281 2975 ministerii
1317 2924 1413 2980 sui
1440 2924 1703 2994 speciem
1733 2924 1926 2990 addit,
1969 2936 2182 2991 nempe
2208 2921 2367 2991 quod
2395 2919 2480 2972 sit
2507 2919 2665 2970 Chri-

371 2997 453 3046 sti
485 2993 816 3061 Apostolus.
897 2994 1047 3045 Sunt
1088 2993 1245 3042 enim
1292 2993 1441 3045 varii
1481 2993 1696 3061 gradus
1732 2992 1896 3046 inter
1919 2992 2037 3044 Dei
2078 3007 2303 3044 servos.
2385 2989 2482 3042 Sic
2506 3003 2538 3039 a
2563 3003 2664 3055 ge·

366 3080 515 3114 nere
561 3062 631 3112 ad
676 3060 937 3130 speciem
975 3060 1301 3112 descendit.
1386 3063 1736 3114 Tenendum
1778 3063 1956 3113 etiarn
2000 3059 2290 3114 memoria
2326 3066 2455 3123 est,
2509 3054 2666 3124 quod

375 3129 526 3184 alibi
558 3131 695 3195 dixi,
736 3129 899 3182 Servi
926 3146 1143 3181 nomen
1173 3129 1273 3182 hic
1305 3130 1464 3183 aliud
1495 3146 1705 3182 sonare
1735 3147 1912 3200 quam
1943 3144 2321 3182 communem
2349 3126 2666 3179 subiectio·

371 3215 534 3267 nem,
575 3197 829 3269 qualiter
856 3198 1011 3250 servi
1031 3197 1142 3249 Dei
1169 3195 1695 3252 vocantur-“omnes
1722 3200 1955 3261 fidelem
1995 3200 2097 3252 sed
2125 3196 2313 3266 accipi
2342 3212 2450 3264 pro
2487 3191 2664 3246 mini·
2688 3205 2693 3214 ·

367 3277 529 3334 stro,
557 3269 680 3321 ¹cui
722 3276 954 3319 certum
994 3266 1237 3335 aliquod
1277 3285 1490 3320 munus
1530 3267 1867 3321 iniunctum
1908 3278 2016 3320 est.
2116 3269 2248 3337 Quo
2288 3280 2464 3316 sensu
2515 3261 2664 3315 olim

368 3338 705 3407 Prophetae
747 3335 867 3387 hoc
908 3333 1085 3387 titulo
1127 3335 1647 3405 insigniebantur,
1688 3346 1746 3389 et
1776 3336 2043 3390 Christus
2074 3335 2205 3401 ipse
2236 3332 2664 3399 Prophetarum

291 3447 296 3451 .
368 3416 609 3476 caputs·
640 3406 796 3456 Ecce
838 3411 1038 3456 servus
1080 3419 1279 3470 meus,
1331 3405 1490 3475 elegi
1527 3422 1680 3460 eum.
1755 3405 1849 3458 Sic
1874 3405 2063 3457 David
2091 3404 2312 3472 Regiae
2344 3399 2661 3469 dignitatis

367 3474 596 3527 intuitu
639 3488 877 3540 servum
914 3472 1032 3524 Dei
1069 3489 1130 3522 se
1173 3474 1461 3527 nominat.
1558 3475 1851 3527 Fortassis
1902 3473 2083 3526 etiam
2129 3478 2378 3540 propter
2413 3470 2663 3521 Iudaeos

368 3559 608 3596 servum
636 3542 752 3594 Dei
778 3558 842 3592 se
874 3541 1199 3609 praedicat,
1240 3541 1525 3611 quoniam
1559 3543 1832 3595 solebant
1862 3542 2135 3611 opposita
2153 3543 2312 3609 Lege
2344 3547 2664 3590 extenuare

371 3611 495 3663 eius
530 3612 729 3663 fidem.
785 3611 970 3680 ¹Ergo
1009 3607 1099 3666 i·
1138 3610 1262 3661 vult
1297 3610 1509 3663 haberi
1534 3610 1760 3663 Christi
1792 3613 2134 3679 Apostolus,
2193 3621 2257 3661 ut
2295 3618 2494 3659 tamen
2534 3606 2661 3673 glo·
2722 3639 2731 3646 «

367 3679 593 3745 rietur,
628 3697 689 3731 se
719 3678 846 3731 Deo
873 3687 1119 3730 aeterno
1148 3678 1397 3730 servire.
1481 3681 1575 3732 Ita
1603 3680 1748 3732 haec
1776 3679 1894 3732 duo
1923 3676 2122 3749 elogia
2148 3694 2273 3729 non
2300 3676 2473 3728 modo
2502 3673 2663 3724 inter

369 3764 432 3801 se
472 3747 791 3812 conciliat,
829 3748 946 3800 ‘sed
988 3762 1142 3799 nexu
1183 3745 1495 3800 individuo
1537 3749 1858 3814 coniuncta
1902 3766 2030 3800 esse
2070 3746 2267 3799 docet.
2346 3743 2662 3795 Secundum

361 3817 586 3886 fidem*
635 3815 696 3867 Si
723 3815 855 3885 quis
883 3816 954 3867 de
983 3814 1107 3866 eius
1139 3815 1493 3888 apostolatu
1518 3816 1754 3868 dubitet
1774 3853 1789 3877 ,
1842 3818 2075 3886 optima
2104 3814 2336 3884 ratione
2363 3813 2542 3864 fidem
2568 3808 2661 3861 ini

373 3883 685 3949 conciliat,
734 3886 932 3951 ipsum
967 3900 1107 3954 curn
1143 3882 1335 3935 salute
1361 3887 1688 3936 elect-orum
1717 3886 1828 3937 Dei
1868 3885 2273 3952 coniungens,
2328 3898 2398 3942 ac
2430 3878 2479 3933 si
2506 3878 2662 3931 diee-

368 3961 500 4005 ret:
554 3954 800 4005 Mutuus
846 3961 938 4004 est
980 3951 1143 4002 inter
1184 3967 1380 4004 meum
1410 3953 1824 4022 Apostolatum
1864 3964 1926 4007 et
1964 3954 2143 4007 fidem
2182 3952 2519 4004 electorum
2549 3946 2663 4000 Dei

369 4036 723 4085 consensus,
778 4037 961 4089 quare
998 4019 1174 4072 illum
1215 4036 1389 4072 nemo
1430 4021 1548 4073 nisi
1588 4022 1875 4090 reprobus
1919 4032 2052 4075 et’a
2084 4029 2249 4073 recta
2281 4019 2399 4071 fide
2436 4015 2665 4068 alienus

368 4088 629 4143 reiiciet.
714 4088 953 4140 Electos
991 4104 1174 4154 porro
1210 4087 1517 4158 intelligit.
1544 4106 1667 4142 non
1710 4091 1888 4142 modo
1926 4090 2028 4161 qui
2067 4098 2212 4143 tunc
2249 4094 2428 4140 erant
2459 4100 2665 4158 super·

369 4158 573 4223 stites,
609 4156 712 4208 sed
740 4155 1077 4226 quicunque
1108 4157 1349 4209 fuerant
1378 4160 1454 4209 ab
1485 4156 1665 4210 initio
1696 4158 1917 4212 mundi.
1985 4157 2287 4229 Significat
2315 4155 2497 4219 enim,
2535 4152 2664 4205 nul-

367 4226 487 4278 lam
529 4243 592 4277 se
631 4223 966 4278 doctrinam
1008 4225 1259 4291 afferre,
1309 4241 1463 4295 quae
1501 4243 1622 4278 non
1663 4233 1953 4298 congruat
1988 4244 2123 4281 eum
2155 4227 2271 4279 fide
2301 4222 2575 4302 Abrahae
2600 4228 2666 4272 et

367 4294 632 4354 omnium
659 4294 920 4345 Petrum.
990 4293 1160 4346 Itasi
1186 4293 1320 4363 quis
1348 4295 1533 4347 hodie
1564 4296 1733 4349 Pauli
1758 4296 1966 4350 haberi
1999 4297 2127 4349 vult
2146 4308 2475 4358 successor,
2512 4306 2663 4343 eins-

365 4364 503 4417 dem
548 4380 610 4415 se
648 4361 960 4414 doetrinae
1003 4361 1341 4414 ministrum
1377 4364 1597 4433 probet
1635 4381 1882 4422 necesse
1921 4357 2029 4418 est.
2115 4365 2227 4417 Sed
2260 4363 2324 4414 in
2348 4361 2439 4413 his
2467 4357 2664 4413 verbis

369 4434 551 4488 tacita
580 4446 820 4503 quoque
847 4428 1166 4484 antithesis
1196 4429 1432 4487 inclusa
1462 4440 1572 4503 est,
1612 4450 1685 4489 ne
1713 4434 1852 4505 quid
1883 4433 2214 4516 Eyangelio
2242 4432 2488 4512 deroget
2512 4427 2659 4480 mul—
