2820 4895
355 184 482 249 876
549 192 560 199 ’

368 341 481 410 ria
511 352 626 412 tot
653 343 1252 436 superstitionum
1285 345 1808 440 repurgatione
1837 366 2026 443 opus
2058 367 2254 434 esse,
2296 338 2656 439 'singula-

370 443 476 518 ris
534 443 640 539 id·
673 445 1126 538 prudentiae
1172 459 1321 531 est3
1393 450 1783 539 'suscipere
1832 470 2023 517 vero*
2064 458 2280 538 atque
2332 450 2657 541 aggredi,

281 574 294 593 s
375 545 584 637 quod
603 548 708 617 ita
736 550 1225 617 necessarium
1262 571 1442 619 vere
1473 549 1792 637 iudicas,
1841 571 2055 617 rarae
2084 548 2462 618 cuiusdam
2499 554 2658 619 vir-

377 649 577 718 tutis.
688 648 808 718 Te
851 650 1148 741 quidem
1191 651 1547 721 divinitus
1590 654 1822 720 instar
1863 650 2230 720 Ezechiae
2279 638 2662 721 cuiusdam

331 776 340 777 f
379 760 508 820 aut
538 750 775 820 Iosiae
805 775 965 820 esse
999 752 1472 840 destinatum,
1525 756 1650 845 qui
1684 755 2059 845 puriorem
2093 754 2488 846 Evangelii
2523 753 2663 820 do-

304 845 313 861 ’
383 853 720 943 utrinam,
769 876 954 944 quae
972 856 1282 939 Satanae
1316 865 1477 924 astu
1507 855 2033 946 hominumque
2063 850 2422 948 perfidia
2401 878 2479 923 m
2510 867 2663 926 toto

382 953 657 1025 mundo
708 956 961 1027 vitiata
1006 953 1188 1047 fuit,
1251 958 1465 1027 brevi
1514 961 1589 1026 in
1636 981 1863 1050 regno
1894 957 2244 1026 Poloniae
2272 960 2663 1041 restituas3

381 1055 609 1127 multa
635 1068 827 1145 sunt,
863 1081 1048 1152 quae
1079 1082 1284 1150 spem
1316 1059 1528 1129 bonis
1557 1061 1893 1130 omnibus
1925 1060 2465 1153 propemodum,
2496 1083 2670 1127 cer·-

381 1169 528 1230 tam
559 1157 853 1230 faciant.
959 1160 1147 1230 Nam
1182 1174 1266 1232 ut
1295 1160 1474 1232 alias
1503 1164 1831 1232 omittam
1859 1162 2274 1256 praeclaras
2306 1175 2469 1232 tuas
2507 1164 2669 1232 vir-

381 1273 617 1352 tutes,
666 1285 856 1355 quas
877 1265 1115 1336 exteri
1146 1287 1437 1356 quoque
1464 1264 1912 1356 praedicant,
1955 1277 2126 1337 tuae
2159 1277 2404 1335 autem
2438 1264 2667 1334 ditio-

382 1365 500 1437 nis
537 1363 878 1435 homines
924 1389 1184 1459 magno
1233 1389 1399 1436 cum
1448 1364 1698 1437 fructu
1747 1369 2109 1439 sentiunt:
2175 1388 2351 1436 cum
2373 1389 2672 1477 semper

383 1468 464 1535 in
505 1478 581 1539 te
622 1468 904 1536 mirum
941 1472 1241 1559 pietatis
1284 1461 1603 1541 studium
1635 1471 1952 1559 enituit,
2016 1483 2174 1547 turn
2211 1493 2394 1541 vero
2436 1462 2671 1561 pietas

386 1569 546 1660 ipsa
578 1566 801 1640 hodie
833 1568 1178 1664 refulget.
1278 1572 1426 1641 Sed
1455 1572 1651 1641 istud
1679 1573 2184 1665 praecipuum,
2228 1572 2429 1663 quod
2457 1594 2673 1640 men-

385 1681 537 1751 tem
582 1683 781 1743 tuam
829 1674 931 1743 ita
973 1672 1345 1745 irradiarit
1389 1674 1776 1767 Evangelii
1825 1678 1940 1743 sui
1984 1673 2148 1743 luce
2193 1674 2308 1742 sol
2347 1675 2673 1747 iustitiae

390 1770 765 1865 Christus,
831 1788 914 1847 ut
959 1785 1035 1847 et
1074 1800 1325 1848 veram
1366 1777 1982 1875 administrandae
2011 1774 2388 1845 Ecclesiae
2433 1777 2673 1845 ratio-

386 1896 559 1945 nem
587 1897 731 1945 non
767 1875 1059 1946 aliunde
1093 1901 1306 1972 quam
1344 1880 1630 1972 abipso
1655 1879 2046 1973 petendam
2074 1880 2298 1966 scias,
2349 1875 2677 1959 etsimul
2774 1950 2775 1965 χ

389 1978 794 2067 discernas,
876 1993 1226 2072 quantum
1293 1982 1489 2053 inter
1552 2004 2008 2076 germanam,
2076 2003 2289 2072 quam
2334 1980 2701 2067 instituit,

387 2078 1172 2174 religionis'formam,
1237 2096 1312 2155 et
1358 2081 1585 2172 hanc,
1665 2107 1853 2175 quae
1902 2095 2156 2178 postea
2199 2086 2497 2153 invecta
2542 2093 2671 2167 est,
2776 2156 2777 2171 ¹

390 2186 963 2256 commentitiam
1009 2210 1093 2254 ac
1143 2187 1583 2278 degenerem
1632 2189 1939 2259 intersit.
2036 2183 2233 2255 Nam
2279 2197 2356 2256 et
2405 2206 2672 2254 corru-
2776 2176 2777 2201 ³

293 2302 300 2303 ’
387 2296 597 2377 ptum
645 2282 1277 2380 deformatumque
1309 2288 1470 2358 -Dei
1516 2287 1829 2378 cultum,
1896 2288 2066 2380 quia
2114 2287 2555 2356 innumerae
2599 2286 2677 2359 in

391 2389 552 2460 eius
595 2384 837 2458 locum
882 2392 1439 2483 superstitiones
1481 2391 1952 2483 irrepserint,
2022 2380 2417 2482 intelligis,
2496 2411 2665 2482 gra-

355 2501 370 2510 “
392 2491 568 2560 tiam
591 2489 866 2560 Christi
894 2491 1141 2562 multis
1178 2494 1502 2563 tenebris
1524 2488 1833 2587 ‘indigne
1867 2487 2227 2583 obrutam,
2276 2495 2435 2563 vim
2468 2513 2673 2561 mor-

385 2592 487 2663 tis
534 2595 695 2663 eius
736 2595 1232 2683 imminutam,
1306 2595 1547 2689 ipsum
1597 2593 1759 2665 fere
1802 2596 2198 2666 laceratum
2251 2618 2338 2664 ac
2387 2593 2673 2663 discer-

393 2706 645 2789 ptum,
702 2719 961 2767 eversa
989 2694 1318 2770 funditus
1346 2696 1600 2770 salutis
1633 2697 1940 2785 fiducia,
2000 2699 2485 2774 conscientias
2528 2697 2679 2792 sni-„-

393 2817 602 2887 nere,
666 2797 816 2882 imo
862 2797 1310 2869 horrendum
1357 2803 1435 2869 in
1483 2799 1779 2870 modum
1826 2811 2126 2873 vexatas
2170 2797 2400 2869 fuisse
2455 2808 2677 2889 atque

389 2901 800 2989 cruciatas,
864 2926 904 2969 a
934 2903 1218 2974 sincera
1248 2916 1591 2995 rectaque
1626 2903 1783 2973 Dei
1810 2902 2276 2973 invocatione
2309 2902 2390 2970 in
2435 2902 2681 2972 varias

393 3001 930 3099 perplexasque
975 3005 1314 3098 ambages
1361 3009 1668 3075 miseros
1710 3004 2046 3074 homiues
2077 3004 2471 3089 abductos,
2518 2997 2696 3070 Ec-‘

391 3102 697 3174 clesiam
740 3099 1022 3175 crudeli
1066 3105 1463 3198 tyrannide
1506 3129 1972 3201 oppressam,
2042 3104 2358 3197 denique
2399 3103 2686 3173 nullam

349 3253 358 3266 ,
391 3205 943 3279 Christianismi
963 3220 1272 3302 partem
1323 3212 1681 3280 sinceram
1723 3208 2057 3281 relictam
2104 3230 2289 3277 esse.
2390 3204 2566 3274 Hac
2610 3216 2685 3274 te

381 3307 914 3403 intelligentia,
998 3335 1044 3381 o
1094 3311 1303 3381 Rex
1326 3309 1872 3399 nobilissime,
1894 3333 2045 3380 non
2097 3303 2374 3380 frustra
2424 3332 2469 3376 a
2514 3307 2684 3377 Deo

395 3408 628 3481 fuisse
671 3414 1105 3483 instructum
1147 3413 1500 3483 credibile
1546 3426 1694 3500 est,
1758 3415 1935 3505 quin
1979 3414 2394 3482 ministrum
2430 3411 2526 3478 ad
2564 3431 2687 3478 res

393 3513 691 3608 magnas
726 3511 1051 3606 elegerit.
1101 3516 1122 3526 ‘
1162 3512 1274 3585 Ac
1299 3538 1395 3585 ne
1422 3517 1765 3588 innoxius
1790 3518 2086 3609 piorum
2114 3515 2407 3605 sanguis
2436 3510 2532 3580 de
2561 3515 2689 3580 in·-

399 3615 601 3707 clyto
635 3615 985 3686 Poloniae
1018 3639 1247 3711 regno
1284 3618 1681 3689 vindictam
1716 3639 2160 3709 exposcens,
2208 3628 2484 3685 tantam
2528 3615 2690 3683 eius

397 3715 826 3791 felicitatem
855 3742 1049 3790 nunc
1074 3719 1440 3807 retardet,
1507 3744 1602 3790 ne
1631 3743 1773 3813 qua
1806 3719 1958 3788 illic
1989 3717 2189 3813 gutta
2218 3714 2687 3802 funderetur,

397 3818 752 3896 hactenus
787 3820 1096 3892 mirifica
1130 3823 1275 3892 Dei
1312 3823 1775 3913 providentia
1803 3819 2079 3893 factum
2111 3816 2271 3892 fuit.
2394 3819 2513 3888 Ea
2543 3815 2694 3890 fuit

383 3923 784 3996 ,clementia
823 3937 896 3995 et
935 3924 1491 3996 mansuetudine
1524 3923 1764 3993 felicis
1797 3921 2195 3992 memoriae
2227 3919 2404 3989 Rex
2439 3920 2692 4020 Sigis-

397 4023 714 4095 mundus
727 4006 1127 4099 Maiestatis
1158 4038 1328 4097 tuae
1357 4037 1609 4117 pater,;
1634 4036 1739 4113 ut,
1777 4047 2002 4116 quum
2034 4022 2386 4106 saevitiae
2417 4035 2693 4094 conta-

400 4130 521 4220 gio
553 4138 664 4199 tot
698 4124 1102 4197 Christiani
1128 4129 1328 4199 orbis
1356 4128 1696 4221 regiones
1729 4136 2193 4224 occupasset,
2253 4128 2415 4217 ipse
2462 4146 2693 4218 puras

285 4309 296 4318 ⁸
401 4250 657 4299 manus
706 4230 1167 4318 continuerit.
1304 4227 1471 4299 Iam-
1513 4253 1694 4318 vero
1736 4240 1862 4299 tua
1903 4227 2286 4316 nobilitas,
2352 4227 2695 4317 adeoque

400 4325 658 4405 eximii
707 4334 977 4425 quique
1022 4335 1214 4405 inter
1257 4344 1425 4405 tuos
1474 4353 1827 4427 proceres
1871 4333 2016 4403 non
2058 4330 2277 4404 modo
2311 4328 2694 4414 Christum

333 938 362 951 J
