2820 4895
344 271 478 337 280
878 262 995 332 m
1063 260 1698 333 Epts‘roLAE
1772 258 2116 333 PAULI
2168 202 2264 335 ‘rt

347 445 472 504 non
511 437 611 495 ahs
642 451 713 490 re
742 434 921 496 simul
953 432 1289 504 coniungitz
1339 432 1542 501 priore
1563 432 1725 486 enim
1750 417 2034 486 v'ocabulo
2059 445 2182 486 non
2208 432 2438 503 quasvis
2465 449 2656 504 quae·

349 510 572 580 stiones¹
617 505 943 577 significat,
1001 521 1152 575 quae
1199 503 1291 562 vel
1334 521 1398 554 ex
1447 503 1643 564 sobrio
1687 504 2108 586 moderatoque
2152 504 2412 562 discendi
2454 506 2657 558 studio

350 591 707 644 naseuntur,
760 577 850 629 vel
883 574 957 628 ad
993 590 1200 644 puram
1239 590 1434 626 rerum
1475 575 1710 627 utilium
1751 574 2199 643 explicationem
2235 573 2499 634 faciunt:
2552 576 2660 628 sed

370 651 557 703 'uales
596 648 770 700 hodie
809 647 874 699 in
899 645 1234 699 Sorbonicis
1270 642 1486 694 scholis
1520 645 1813 714 agitantur
1839 644 1915 696 ad
1943 646 2347 697 ostentandum
2386 657 2661 702 acumen.

388 721 491 788 llic
518 719 776 788 quaestio
804 716 1204 787 quaestionem
1230 714 1420 783 pai-it:
1461 717 1596 784 quia
1621 715 1813 770 nullus
1842 728 1926 767 est
1953 713 2156 767 modus
2175 753 2193 782 ,
2229 715 2330 768 ubi
2360 717 2660 785 quispiam

351 792 486 863 plus
513 791 666 843 seire
694 801 867 858 quam
897 785 1171 857 expediat
1194 791 1476 853 appetens
1499 802 1640 838 suae
1668 787 1911 838 vanitati
1939 786 2225 853 indulget.
2282 785 2423 838 hinc
2451 796 2662 857 postea

254 921 269 936 .
354 862 667 929 emergunt
694 859 969 920 ⁴infinitae
1010 859 1182 911 rixae.
1252 855 1766 925 Quemadmodum
1793 858 1946 909 enim
1975 872 2204 908 crassae
2229 857 2291 909 in
2320 857 2520 909 calore
2547 874 2662 910 nn·

353 931 461 987 bes
501 948 618 992 non
660 930 785 984 sine
819 932 1040 982 tonitru
1080 925 1504 979 discutiunturs
1556 929 1641 979 ita
1677 943 1909 979 necesse
1953 935 2040 979 est
2081 935 2147 978 ut
2190 928 2458 994 spinosae
2507 926 2664 981 istae

357 1001 731 1076 quaestiones
777 999 839 1050 in
887 997 1204 1049 certamina
1253 996 1553 1049 ebulliant.
1641 997 1953 1048 Caeterum
1997 993 2343 1067 λόγομαχίας
2385 999 2666 1050 nominat

356 1070 752 1127 contentiosas
804 1067 1226 1139 disputationes
1282 1067 1354 1117 de
1410 1065 1599 1118 &erbis
1644 1068 1830 1135 magis
1878 1077 2056 1137 quam
2099 1066 2170 1117 de
2207 1069 2378 1129 rebus
2419 1068 2512 1119 vel
2571 1071 2666 1136 (ut

354 1144 529 1211 vulgo
569 1142 910 1211 loquuntur)
956 1143 1075 1191 sine
1117 1138 1390 1201 materia,
1450 1146 1551 1188 aut
1590 1137 1868 1191 subiecto.
1952 1137 2104 1188 Nam
2131 1136 2312 1207 siquis
2342 1137 2666 1206 diligenter

288 1221 293 1280 ,¹
354 1212 644 1283 expendat
674 1208 1232 1281 quaecunque‘inter
1262 1206 1551 1276 sophistas
1580 1207 1812 1259 fervent
1844 1209 2279 1277 contentiones,
2326 1207 2661 1275 deprehen.

358 1283 459 1338 det
488 1299 605 1335 non
636 1299 704 1333 ex
727 1280 898 1332 rebus
928 1298 1023 1332 eas
1050 1278 1388 1347 provenire,
1436 1275 1531 1328 sed
1563 1292 1631 1328 ex
1659 1273 1843 1329 nihilo
1874 1294 1970 1329 eas
2001 1278 2229 1330 excudi.
2299 1279 2368 1328 In
2399 1295 2661 1348 summa,

363 1351 736 1426 quaestiones
771 1353 969 1403 dinnes
1000 1350 1280 1401 damnare
1310 1348 1491 1399 voluit
1517 1347 1725 1400 Paulus
1766 1366 1912 1418 quae
1949 1365 2056 1399 nos
2099 1348 2173 1399 ad
2203 1347 2374 1400 nihili
2412 1353 2668 1406 conteh-

354 1426 551 1480 tiones
593 1429 826 1475 acuunt.
970 1424 1060 1471 Ex
1106 1421 1321 1494 quibus*
1353 1419 1540 1470 oritur
1578 1418 1825 1469 invidia.
1898 1418 1980 1469 Ab
2027 1418 2249 1470 effectis
2292 1420 2667 1473 demonstrat

360 1504 723 1568 quantopere
760 1490 1036 1558 fugienda
1074 1490 1147 1541 sit
1186 1487 1490 1539 ambitiosa
1528 1487 1746 1538 sciendi
1780 1487 2086 1554 cupiditas,
2159 1498 2349 1539 mater
2376 1490 2534 1543 enim
2567 1491 2665 1542 in-

360 1566 559 1618 vidiae
586 1573 671 1615 θεῖ
700 1561 954 1616 ambitio·
1031 1559 1146 1611 Ubi
1176 1567 1367 1609 autem
1391 1567 1598 1625 regnat
1624 1557 1842 1609 invidia
1862 1595 1878 1623 ,
1917 1557 2037 1610 illic
2064 1559 2235 1610 simul
2261 1559 2489 1611 fervent
2515 1577 2666 1612 con-

366 1636 511 1688 vitia
531 1673 546 1702 ,
595 1634 756 1686 rixae
774 1672 790 1700 ,
839 1638 898 1681 et
923 1628 1144 1700 reliqua
1169 1629 1322 1679 mala
1342 1667 1358 1695 ,
1412 1644 1561 1697 quae
1587 1626 1687 1680 hic
1717 1645 1749 1678 a
1775 1628 1955 1680 Paulo
1986 1638 2386 1682 numerantur.
2459 1631 2663 1701 Addit,

362 1706 580 1762 *talibus
617 1714 947 1767 corruptam
974 1710 1092 1750 esse
1120 1713 1392 1765 mentem,
1444 1712 1496 1750 et
1530 1716 1649 1750 esse
1674 1700 1924 1750 veritate
1961 1702 2241 1766 privatos.
2297 1697 2497 1753 'Porro
2528 1718 2664 1754 cer-

360 1777 489 1831 t‘um
527 1777 614 1827 est
653 1772 751 1823 hic
791 1769 980 1821 taxari
1013 1767 1328 1837 sophistas,
1379 1769 1509 1836 qui,
1558 1766 1891 1835 posthabita
1918 1768 2364 1837 aedificatione,
2418 1773 2666 1826 verbum

364 1846 483 1904 Dei
521 1846 586 1897 in
630 1852 815 1895 artem
849 1839 1139 1891 subtiliter
1167 1838 1482 1890 disserendi
1518 1846 1575 1888 et
1604 1837 1843 1889 frivolas
1875 1840 2129 1907 argutias
2159 1849 2516 1895 convertunt.
2602 1844 2665 1897 Si

365 1910 960 1969 tantum'ostenderet
984 1909 1314 1978 Apostolus,
1371 1907 1642 1958 inutilem
1674 1907 1837 1958 reddi
1864 1907 1976 1959 hoc
2010 1910 2181 1961 modo
2213 1910 2415 1963 salutis
2441 1912 2660 1964 doctri-

363 1983 543 2052 nam,
582 1984 705 2035 iam
732 1982 843 2033 ista
875 1988 1021 2032 esset
1049 1980 1290 2032 minime
1313 1978 1640 2029 tolerabilis
1663 1978 2026 2046 profanatio:
2077 1981 2178 2034 sed
2216 1982 2387 2048 longe
2424 1983 2659 2051 grgvior

365 2073 438 2110 ac
465 2052 864 2108 vehementior
891 2059 980 2102 est
1003 2050 1116 2101 ista
1142 2048 1550 2120 reprehensio,
1591 2049 1744 2118 quod
1770 2058 1892 2099 tam
1922 2051 2249 2117 perniciosa
2274 2052 2430 2102 mala
2448 2090 2465 2120 ‚
2507 2068 2658 2124 quae

361 2128 502 2181 inde
524 2131 796 2188 manant,
837 2129 895 2172 et
918 2123 1039 2172 tam
1063 2122 1266 2171 noxias
1294 2129 1483 2188 pestes
1507 2127 1789 2171 recenset.
1861 2121 1947 2170 Ex
1968 2119 2082 2170 hoc
2104 2125 2299 2191 itaque
2321 2123 2453 2173 loco
2480 2122 2655 2176 disca-

363 2201 495 2251 mus
521 2193 874 2265 sophistieen
905 2190 1181 2242 detestari
1207 2200 1273 2243 ut
1295 2206 1423 2242 rem
1450 2189 1750 2241 Ecclesiae
1776 2189 1890 2241 Dei
1913 2191 2094 2260 magis
2121 2192 2454 2261 pestiferam
2483 2207 2656 2264 quam

372 2270 515 2324 satis
542 2264 702 2319 credi
731 2261 932 2333 possit.
1777 2257 1792 2276 ἃ
2157 2301 2166 2304 1

507 2344 593 2414 5.
637 2347 955 2417 Quaestum
993 2364 1115 2398 esse
1154 2346 1447 2414 pietatem.
1532 2342 1629 2397 Sic
1668 2345 1925 2410 resolve,
1977 2343 2265 2397 Pietatem
2310 2365 2432 2401 esse
2474 2365 2660 2419 quae·

367 2435 523 2479 stum
539 2461 556 2491 ‚
562 2420 686 2495 jel
717 2427 902 2472 artem
929 2424 1367 2486 quaestuosam:
1402 2413 1539 2485 quia*
1565 2414 1789 2475 scilicet
1814 2424 2002 2467 totum
2033 2413 2542 2474 Christianismum
2575 2420 2661 2474 lu.

369 2511 472 2548 cro
513 2492 851 2544 metiuntur.
920 2487 1171 2539 Perinde
1213 2486 1362 2537 enim
1404 2502 1473 2535 ac
1509 2485 1556 2537 si
1594 2503 1710 2538 non
1742 2484 1920 2538 alium
1949 2486 2010 2537 in
2041 2485 2218 2539 finem
2250 2490 2481 2556 prodita,
2509 2492 2660 2545 fui.-

322 2588 328 2603 ·
366 2573 498 2619 sent
526 2561 773 2632 Spiritus
799 2558 987 2611 sancti
1017 2556 1283 2622 oracula,
1323 2550 1499 2624 quam
1530 2565 1595 2607 ut
1623 2573 1825 2609 eorum
1854 2557 2137 2608 avaritiae
2173 2558 2491 2625 servirent,
2529 2574 2657 2617 tan-

371 2650 551 2707 quam
586 2647 779 2684 merce
820 2644 1027 2681 venum
1070 2627 1330 2695 exposita
1367 2626 1756 2693 negotiantur.
1833 2629 1977 2678 Cum'
2016 2628 2226 2679 talibus
2264 2640 2423 2683 vetat
2449 2633 2661 2684 Paulus

373 2710 567 2759 servos
600 2700 818 2755 Christi
849 2700 1159 2767 quicquam
1185 2695 1402 2747 habere
1433 2697 1786 2750 commercii.
1851 2700 2056 2765 Neque
2085 2699 2241 2750 enim
2267 2701 2439 2751 modo
2470 2703 2659 2754 Timo·
2701 2758 2712 2767 .

365 2775 572 2828 theum
602 2773 764 2849 iubet
793 2787 916 2822 esse
942 2767 1304 2831 dissimilem,
1346 2764 1447 2816 sed
1475 2782 1571 2818 eos
1599 2768 1798 2837 fugere
1827 2770 1988 2836 quasi
2021 2768 2222 2820 noxias
2248 2780 2451 2839 pestes.
2510 2772 2661 2824 Nam

368 2847 476 2901 etsi
505 2844 698 2913 palam
730 2858 848 2892 non
881 2839 1257 2891 adversentur
1285 2837 1608 2905 Evangelio
1628 2876 1643 2904 ,
1692 2837 1833 2907 quin
1862 2839 2056 2906 potius
2090 2839 2237 2892 falsa
2282 2841 2402 2893 eius
2426 2837 2661 2910 fprofes-

366 2916 531 2969 sione
557 2918 616 2965 se
645 2915 891 2964 iactent:
941 2909 1280 2975 contagiosa
1308 2914 1505 2958 tamen
1536 2917 1621 2960 est
1650 2924 1851 2960 eorum
1881 2910 2147 2962 societas.
2224 2910 2432 2963 deinde
2465 2913 2516 2965 si
2549 2908 2675 2964 nos-

371 2986 575 3053 vulgus
603 2981 905 3034 hominum
929 2978 1258 3031 familiares
1291 2976 1406 3028 illis
1436 2994 1557 3030 esse
1587 2977 1810 3044 videat,
1858 2979 2181 3045 periculum
2209 2991 2296 3033 est
2321 2999 2396 3034 ne
2427 2999 2489 3034 se
2520 2984 2664 3035 ami·

375 3057 551 3109 citiae
578 3062 814 3106 nostrae
844 3058 1147 3119 praetextu
1175 3048 1488 3101 insinuent.
1563 3049 1802 3103 Summa
1838 3048 2024 3115 igitur
2061 3049 2250 3103 danda
2295 3052 2379 3104 est
2421 3068 2456 3103 a
2502 3052 2665 3106 nobi,

370 3141 547 3210 opera
565 3162 583 3191 ,
622 3132 689 3176 ut
714 3136 912 3173 omnes
936 3119 1270 3188 intelligant
1297 3117 1439 3170 adeo
1468 3133 1572 3171 nos
1599 3135 1721 3172 esse
1746 3119 1820 3170 ab
1846 3119 1972 3193 illis·
1992 3119 2213 3173 alienos
2231 3159 2249 3190 ,
2293 3131 2360 3175 ut
2386 3121 2537 3175 nihil
2561 3139 2666 3175 no·

324 3192 327 3201 '
369 3197 601 3252 luscum
630 3193 890 3246 habeant
915 3200 1242 3243 commune.
2701 3194 2710 3197 ·

492 3324 495 3331 '
543 3322 606 3395 6.
662 3329 789 3396 Est
836 3339 1060 3393 autem
1105 3337 1423 3410 quaestus
1466 3345 1570 3389 ma
1620 3346 1745 3390 nus
1789 3329 2007 3413 pietas
2050 3349 2203 3392 cum
2240 3325 2667 3396 sufficientia.

373 3410 437 3485 ⁴7.
481 3413 674 3481 Nihil
704 3417 884 3480 enim
912 3410 1264 3476 intulimus
1292 3413 1364 3472 in
1399 3347 1757 3477 munffum:
1781 3424 2062 3475 ‘certum
2092 3414 2277 3497 quod
2308 3435 2529 3497 neque
2557 3413 2668 3478 ef·-

372 3502 567 3569 fene
600 3504 961 3587 quicquam
1005 3515 1388 3584 possumus.
1477 3498 1540 3561 8.
1588 3496 1926 3560 Habentes
1967 3509 2193 3561 autem
2238 3497 2558 3562 alimenta
2602 3508 2673 3563 et

373 3588 706 3675 tegmina,
752 3584 1198 3669 his‘contenti
1231 3581 1506 3644 erimus.
1540 3628 1550 3634 .
1594 3584 1652 3645 9.
1697 3580 1872 3644 Nam'
1904 3583 2020 3664 qui
2050 3581 2288 3647 volunt
2314 3578 2673 3660 ditescere,

375 3671 707 3735 incidunt·
727 3673 817 3733 in.
842 3670 1284 3733 tentationem
1334 3679 1401 3729 et
1442 3664 1792 3746 laqueum,
1866 3676 1934 3728 et
1977 3667 2384 3752 cupiditates
2426 3665 2671 3734 multas

375 3753 620 3827 stultas
651 3765 717 3818 et
749 3756 1024 3839 noxia3‚
1079 3771 1247 3834 quae
1278 3749 1680 3834 demergunt
1710 3749 2017 3834 homines
2048 3755 2118 3814 in
2151 3756 2433 3831 exitium
2464 3764 2532 3816 et
2555 3756 2676 3818 in-

373 3844 685 3909 teritum.
766 3840 863 3903 10.
909 3837 1135 3901 Radix
1165 3838 1345 3899 enim
1377 3838 1682 3899 omniurn
1710 3832 2045 3900 malorum
2075 3847 2178 3900 est
2206 3841 2514 3903 avaritia:
2559 3839 2674 3901 cui

378 3926 635 3991 addicti
664 3924 969 4007 quidam,
1023 3922 1426 4006 aberrarunt
1468 3939 1505 3982 a
1545 3914 1714 3997 fide,
1769 3931 1839 3984 et
1868 3939 1942 3985 se
1965 3924 2158 4007 ipsos
2183 3921 2678 4010 implicuerunt

310 4052 318 4059 ·
380 4010 731 4077 doloribus
764 4006 1032 4072 multis:

516 4141 568 4194 6.
641 4141 750 4189 Est
790 4149 980 4189 autem
1021 4148 1314 4205 quaestus.
1389 4131 1493 4185 Ele
1535 4141 1703 4187 anter
1742 4147 1861 4185 non
1903 4135 2026 4186 sine
2053 4134 2281 4189 ironica
2310 4136 2681 4190 correctione

380 4210 446 4262 in
471 4206 835 4260 contrarium
875 4221 1109 4257 sensum
1155 4205 1362 4255 eadem
1399 4208 1499 4254 ve'r
1543 4219 1576 4254 a
1621 4220 1762 4257 mox,
1801 4212 2135 4274 retorquet3
2207 4223 2278 4259 ao
2314 4206 2363 4259 si
2411 4207 2680 4261 dixisset:

380 4278 696 4347 Perper-am
737 4278 822 4328 illi
867 4283 925 4326 et
965 4274 1270 4345 nequiter,
1343 4273 1446 4342 qui
1488 4274 1750 4326 venalem
1792 4272 2010 4327 habent
2052 4276 2272 4329 Christi
2315 4277 2681 4330 doctrinamt

383 4349 549 4419 quasi
587 4364 722 4400 vero
747 4348 932 4415 pietas
952 4353 1110 4398 'esset
1135 4351 1424 4413 quaestus.
1500 4361 1831 4413 quanquam
1867 4354 2025 4398 certe
2044 4383 2061 4414 ,
2087 4392 2090 4395 .
2114 4347 2291 4416 siquis
2321 4356 2483 4400 recte
2508 4348 2683 4400 aesti-

381 4428 541 4488 met,
577 4420 764 4489 pietas
787 4418 1028 4487 magnus
1061 4423 1143 4469 est
1168 4431 1238 4468 ao
1264 4413 1597 4473 uberrimus
1624 4424 1928 4485 quaestus.
1986 4417 2124 4473 Ideo
2151 4427 2348 4472 autem
2374 4418 2461 4471 sie
2490 4425 2684 4483 vocat,

2332 4667 2358 4674 ψ
